2866 4992
174 485 178 496 ’
309 529 320 536 ·
453 505 728 591 -'65-'

35 745 39 755 ·
75 720 109 782 in
132 687 243 781 oeulis
269 711 411 808 iugulis..
428 697 581 778 habeant.
640 702 755 779 Huius
783 716 922 800 generis
946 725 981 779 et
1004 700 1076 780 ioe·

76 841 178 903 minas
205 839 239 902 in
268 829 426 929 seythia,
460 854 544 918 quae
571 832 734 899 vocantur
761 821 919 927 Bithyno,
959 839 1076 920 prodit

73 953 303 1044 Apollonides.
357 955 572 1044 Phylarchus
599 957 633 1020 et'
666 956 701 1018 in
730 951 841 1020 Ponto
864 945 1073 1022 Thibiorum

74 1099 191 1164 genus,
217 1079 416 1162 multosque
443 1076 529 1142 alios
555 1077 707 1143 eiusdem
735 1081 892 1156 naturae3
928 1098 1073 1162 quorum

75 1208 165 1264 uotae
196 1201 305 1266 tradit
336 1203 387 1280 inl
407 1197 517 1264 altero
535 1187 658 1263 'oculo
691 1202 862 1285 geminam
892 1197 1072 1286 pupilium

73 1320 104 1404 in
128 1316 235 1384 altero
265 1323 347 1405 equi
372 1313 557 1404 effigiem.“
581 1349 631 1364 -
667 1315 720 1380 Ex
746 1313 809 1382 hac
830 1320 935 1404 igitur
958 1331 1074 1385 aucto·

73 1439 163 1502 ritate
189 1426 550 1528 Ouidius.⁹⁸).·Dipsae
582 1460 648 1504 ano
681 1435 856 1504 fascinanti
887 1443 977 1506 inter
1009 1440 1072 1508 alia

74 1548 151 1642 iigna
177 1559 349 1650 accfnset:
423 1645 428 1650 .

109 1662 289 1750 „Suspicon
304 1684 342 1758 ¹et
361 1663 444 1728 fama
463 1663 519 1728 eit.
562 1665 654 1728 Oculi
672 1687 795 1752 quoque
816 1669 935 1753 pupula
953 1669 1072 1756 duplex

108 1767 263 1836 Fulminat
288 1789 319 1833 et
340 1777 466 1856 gemino
485 1774 594 1832 iumen
614 1775 654 1832 ab
677 1773 754 1832 orbe
778 1772 894 1834 venit.“

170 1889 310 1956 Gellius
326 1879 374 1976 ⁹⁹)
402 1889 519 1955 eadem
546 1888 625 1954 iere'
643 1887 750 1956 refert
774 1909 816 1954 au
840 1887 993 1968 Plinius,
1025 1891 1068 1957 de

74 2000 205 2072 Africae
232 2008 376 2086 familia,
408 1995 585 2076 hominurn
618 2008 703 2078 tbce
734 2023 768 2075 et
798 2009 909 2098 lingua
941 2008 1068 2076 effasci-

75 2134 236 2196 nantium:
274 2136 334 2218 qui
368 2131 389 2196 fi
419 2122 599 2222 impenfius
633 2131 727 2198 forte
759 2131 970 2200 laudaverint
998 2131 1069 2225 pul·

75 2241 141 2314 eras
164 2239 326 2329 arbores,
360 2251 505 2342 segetes,
535 2251 681 2324 infantes
710 2257 944 2330 amoeniores,
974 2275 1068 2343 egre·

74 2373 139 2453 gios
155 2393 288 2456 equos,
308 2375 465 2460 ‘pecudes
491 2367 584 2460 pastu
610 2389 709 2462 atque
735 2375 825 2441 cultu
845 2377 991 2463 opimas,
1014 2389 1092 2442 re·'

73 2507 165 2574 pente
197 2481 411 2558 emoriantur
443 2493 528 2560 liaeo
558 2501 683 2560 omnio.
740 2499 777 2559 ln
811 2497 956 2580 utroque
983 2517 1066 2585 ergo
1105 2583 1111 2592 ι

73 2603 159 2690 loco,
180 2614 343 2683 Maronis
360 2609 429 2695 roo)
453 2617 564 2685 versus
591 2607 697 2682 subest
724 2597 1009 2681 commentarius:

113 2741 246 2818 „Nescio
263 2743 331 2830 quis
352 2762 476 2807 teneros
498 2746 611 2808 oculus·
626 2743 712 2806 mihi·
726 2739 855 2806 fascinat
872 2748 997 2829 agnoS.“

73 2853 121 2924 De
149 2861 281 2929 fascinis
322 2865 500 2932 oculorum
534 2867 674 2931 uberius
714 2879 816 2953 agunt
828 2851 934 2930 'infra
973 2865 1070 2929 citati

76 2995 242 3060 auctores,
283 2985 341 3070 qui
373 2986 573 3052 conferendi
600 2980 726 3065 sunt.¹)
754 3020 806 3034 -
853 2985 1002 3075 Pupulne
1030 2991 1067 3053 in

76 3108 185 3174 eodem
208 3106 311 3175 oculo
337 3083 524 3194 geminatae
548 3106 704 3196 exempla
727 3105 920 3173 recentioia
942 3113 1066 3195 ignoro

78 3203 110 3291 et¹
129 3231 220 3316 piane
246 3230 396 3315 denego;
438 3248 478 3292 an
510 3232 631 3311 itaque
651 3225 726 3294 illae
752 3249 835 3313 quae
862 3249 880 3292 a
905 3227 1073 3297 Romanis·

77 3348 318 3428 describuntur,
359 3350 401 3414 ad
435 3351 534 3416 iridis
561 3347 718 3443 iynizeiin
752 3341 987 3437 imperfectam
1014 3369 1068 3414 re·

76 3472 257 3540 vocandae?
298 3471 412 3538 media
444 3473 544 3538 iridis
570 3485 667 3561 parte
697 3457 859 3537 nimirum
893 3483 1066 3552 concreta,

77 3603 300 3636 --.....*
1062 3601 1064 3606 .

111 3697 163 3781 98)
185 3696 334 3760 Amani.
346 3699 379 3765 0·
396 3702 457 3769 152·

108 3805 160 3887 99)
181 3797 302 3878 mun.
320 3805 372 3866 lX·
390 3814 423 3884 4·
444 3808 584 3889 utin·

114 3908 480 3993 1u1)Eclog'.lll.103.
527 3959 532 3964 -
1046 3967 1053 3976 ,

113 4014 142 4090 ι)
162 4015 265 4078 Barth.
280 4015 318 4075 ad
332 4011 439 4100 script.
454 4029 554 4077 venat.
574 4035 607 4098 p.
627 4017 697 4096 137.
718 4047 760 4064 -
780 4005 1066 4076 Τιιηιεῐ).Ἀᾶγει·[.
1191 4017 1198 4026 “

149 4141 178 4202 9·
193 4123 243 4186 28.
263 4117 430 4184 Casaubon.
443 4119 574 4214 adl’eii.
595 4143 627 4206 p.
645 4117 718 4186 20'2.
742 4123 774 4180 et
790 4119 927 4182 Gesner.
942 4113 1065 4183 Chrest.

149 4224 232 4304 min„
246 4242 281 4292 n.
300 4245 345 4292 ιο.
367 4249 399 4314 p·
414 4227 453 4314 39
468 4224 511 4310 sq.

822 4335 852 4404 E
