2866 4992
489 387 803 474 -o'--

96 591 269 664 tanquam
291 578 468 664 pectinem
494 591 654 638 carneum
680 577 854 654 continet,
882 575 1122 664 pro-malitiae

95 695 207 765 habet
236 697 341 786 ligno.

215 819 715 904 Membrannmstmilurrarem
738 814 950 908 (palpebram
967 815 1118 906 tertiam)

95 941 310 1028 Aristoteles
326 933 369 1024 ²⁴)
402 946 438 1006 in
466 939 658 1006 volucrium
691 941 801 1006 oculis
826 938 912 1008 bene
938 940 1117 1030 dignoscit,

94 1077 141 1128 ut
161 1061 305 1147 quidem
334 1082 378 1126 ex
404 1065 476 1127 eius
504 1065 616 1128 verbis
642 1064 809 1126 couiioio:
834 1051 1114 1149 σκαρδαμύττουσι

99 1177 140 1247 δὲ
168 1167 197 1244 ol
219 1173 329 1268 βαρεῖς
355 1167 494 1274 ὄρνιθες,
538 1170 647 1268 τούτῳ
672 1171 878 1270 (βλεφκρᾷ)
911 1173 964 1262 ου’,
1004 1177 1055 1270 τῷ
1079 1178 1114 1248 δὲ

93 1295 212 1385 ὑμένι,
252 1289 305 1364 lari
329 1289 370 1364 ro*
398 1293 548 1390 βραδεῖαν
569 1297 630 1388 pto
660 1305 736 1366 eim
759 1291 818 1380 *rifi
842 1293 960 1368 reiron
988 1296 1113 1382 κίνησιν,

93 1419 165 1485 δεῖν
185 1409 247 1508 peip
273 1422 412 1502 ταχεῖαν
435 1412 591 1500 γίνεσθαι.
642 1423 802 1492 Caeteris'
824 1437 935 1490 autent
961 1427 1112 1492 animali·
1198 1509 1202 1525 '

94 1543 164 1608 bus
190 1541 283 1606 illam
311 1544 713 1631 membranamxdenegat
740 1557 774 1610 et
796 1545 888 1610 illam
910 1547 1043 1624 avibus,
1067 1550 1109 1614 ad

96 1643 315 1751 colligendos
337 1661 517 1740 humores,
546 1665 761 1731 necessariam
779 1680 894 1753 putat,
924 1673 982 1752 qui
999 1675 1107 1734 aciem

94 1785 188 1855 visus
216 1785 463 1875 perfectiorem
493 1789 672 1864 redderet,
716 1786 769 1856 his
802 1788 1001 1855 animalibus
1027 1811 1106 1878 pro·

93 1905 225 2000 priam.
722 1901 724 1908 Α

212 2031 445 2098 carunculam
475 2031 714 2120 laerymnlem,
738 2056 794 2100 me
816 2035 954 2118 quidem
979 2033 1105 2108 iudice·

92 2149 319 2260 Aristotelen,
354 2165 391 2216 ut
417 2155 522 2262 mosdo
551 2157 718 2225 vidimus,
751 2162 922 2243 pectinem
943 2177 1103 2222 carneum
1135 2163 1170 2188 ‘¹

91 2269 229 2357 (κτένες
243 2269 411 2361 opetiisse)
438 2295 560 2339 vocare
586 2276 740 2346 videtur,
767 2275 877 2340 forsan
901 2281 946 2344 ob
973 2278 1102 2345 molem

90 2408 230 2462 auctam
264 2399 368 2480 magis
402 2393 622 2478 perspicuam·
675 2386 828 2479 Casti-²⁵)
866 2403 1015 2486 primum
1051 2421 1102 2464 ca·

90 2513 239 2581 runculo
273 2521 306 2579 in
339 2515 432 2581 oculi
465 2513 605 2602 angulo,
647 2515 779 2580 Galerio
795 2503 838 2594 26)
871 2539 996 2602 corpus
1031 2537 1101 2582 oar·

89 2660 198 2704 neum
227 2650 383 2701 vocatur:
428 2657 493 2723 pro
518 2635 635 2700 inutili
662 2641 695 2700 is.
717 2634 818 2701 habet
844 2648 941 2724 parte
976 2617 1099 2722 etpro

90 2757 276 2823 foraminis
302 2757 493 2855 operculo,
515 2779 578 2844 per
595 2758 686 2842 quod
707 2771 843 2822 excreta
869 2757 961 2822 oculi
985 2762 1019 2820 in
1045 2779 1102 2824 na·

89 2849 151 2948 res
187 2877 332 2944 defluunt
365 2893 399 2944 ct
432 2881 682 2972 medicamenta
716 2881 863 2946 ocularia
894 2883 1031 2942 inuncta
1064 2883 1101 2944 in

89 2983 181 3068 hanc
208 2983 338 3086 partem
355 2975 577 3086 exspuantur.
634 3001 788 3088 Meatum
817 3020 954 3085 quoque
979 2997 1101 3069 aban·

91 3125 174 3216 gulo
201 3128 238 3208 in
265 3143 362 3186 nares
389 3135 587 3198 exeuntem,
623 3126 679 3204 qui
705 3119 816 3186 forsan
840 3122 960 3186 ductus
984 3116 1100 3188 nasalis

91 3248 161 3322 est3
187 3249 346 3320 adnotat,
374 3263 436 3327 per
463 3263 561 3324 quem
591 3245 721 3305 excreti
747 3239 910 3307 humores
937 3263 1100 3309 evacuen-

90 3386 162 3438 tur.
220 3366 402 3457 Lacrymas
435 3385 497 3450 per
525 3383 623 3426 nares
658 3381 837 3448 permeare
870 3361 962 3446 polle
988 3376 1021 3428 et
1046 3361 1099 3429 so·

87 3494 183 3562 lere,
208 3489 244 3552 id
266 3491 332 3551 iarn
358 3484 560 3572 Hippocrati
584 3497 714 3546 notum.
765 3479 987 3544 Carunculam
1015 3501 1097 3547 vero

87 3613 141 3679 ad=
160 3607 343 3696 agilitatem
378 3617 411 3672 et
436 3603 668 3700 symmetriam
704 3601 785 3688 quid
812 3599 970 3667 conferre
994 3597 1098 3670 'Gale-

86 3767 301 3788 W

214 3875 267 3972 De
280 3889 359 3968 part.
376 3869 470 3934 anim.
495 3871 536 3931 11.
561 3865 609 3932 i3.

211 3980 264 4040 De
280 3979 393 4041 Medic.
416 3979 486 4042 Vii.
508 3997 538 4060 7.
557 3968 891 4057 p.627.·ed.'1ionis.j.

789 4191 825 4257 D
