2866 4992
403 505 796 590 ···-5z-‘

18 759 27 770 -
97 719 176 778 'xati
213 710 305 786 sunt,
342 719 376 776 et
414 707 555 796 plurimi
586 713 677 774 inter
706 707 753 774 'ie'
776 702 1004 798 discrepant(
1040 711 1114 782 An·-
1171 785 1174 790 ,

89 820 303 924 stawles-³⁶)
337 838 373 898 in
410 835 512 898 oculo
546 834 652 899 modo
682 833 789 899 albam
827 847 862 899 et
894 837 1028 919 nigram
1062 835 1113 900 di·

97 956 237 1044 gnoieit
269 965 419 1043 partem,
469 957 512 1021 de
547 960 668 1042 quibus
713 949 812 1023 infra.
871 957 1110 1044 Hippocrates,

100 1070 332 1178 ali9100037)
366 1077 479 1166 plures
514 1068 771 1160 (πολυχίτων),
812 1079 877 1145 alio
902 1093 1012 1144 autem
1039 1093 1109 1144 tres

62 1239 68 1246 ·
101 1195 206 1261 oculo
227 1198 435 1292 adnumerat.
450 1187 490 1279 3Ἰ)
529 1195 648 1284 Celsus
670 1199 764 1276 dnae,
788 1213 821 1266 et
840 1201 973 1268 Plinius
986 1192 1030 1274 ³⁹)
1045 1196 1110 1264 fine

101 1317 211 1382 dubio
239 1339 282 1381 ex
307 1317 517 1405 Hippocrate
537 1319 655 1384 multas
680 1334 713 1385 at
737 1333 854 1386 tenues
877 1317 1041 1408 dignoscit
1059 1333 1110 1385 lu·

100 1446 211 1506 ninas.
269 1437 360 1530 Quas
388 1454 566 1506 auctorum
602 1442 645 1505 de
672 1439 764 1507 oculi
791 1445 918 1506 tunicis
943 1445 1048 1507 varias
1076 1451 1111 1506 et

101 1559 334 1647 discrepantes
369 1566 548 1648 opiniones
581 1558 650 1647 ipse
684 1566 750 1624 iam
780 1557 934 1626 Galenus
959 1571 1053 1625 taxat
1077 1571 1111 1625 et
1229 1601 1237 1616 .

100 1679 296 1746 fatis.bene
311 1680 500 1761 dilucidat,
522 1694 562 1746 et
586 1677 660 1746 fere
686 1687 731 1745 ita
758 1681 924 1745 emendat.
939 1674 992 1758 ⁴⁰)
1030 1677 1111 1769 Qui·

102 1805 186 1868 dam
213 1798 362 1888 septem,
391 1801 525 1884 quidem
554 1799 629 1874 sex,
664 1799 720 1864 alii
748 1805 912 1886 quinque,
946 1798 1001 1862 alii
1028 1813 1111 1875 treS,

101 1923 159 1988 alii
188 1924 270 1987 duas
297 1926 426 1988 tunicas
449 1926 485 1984 in
517 1919 618 1986 oculo
645 1922 866 2004 inveniendas
894 1915 976 1997 eise,
1007 1921 1112 1982 tradi·
1187 1899 1191 1906 ⁴

102 2043 200 2108 dere.
258 2039 325 2131 Qui
351 2046 456 2127 igitur
483 2039 611 2128 septem
637 2045 766 2106 tunicas
793 2016 928 2118 tenent,
964 2044 1111 2104 retinam

98 2162 203 2228 fimnl
229 2176 445 2248 computant3
479 2161 719 2239 secundinam,
750 2161 902 2239 icleron,
935 2157 1112 2226 arachnoiss
1258 2149 1267 2160 “

101 2285 226 2360 deam,
253 2305 391 2357 uveam,
420 2303 602 2360 corneam,
630 2287 890 2348 coniunctivam.
905 2317 911 2328 ·
929 2279 998 2371 Qui
1016 2285 1111 2364 qnin-

83 2427 177 2492 ·que
205 2411 393 2490 accipiunt,
434 2411 471 2470 ii
494 2404 752 2470 arachnoideam
787 2423 857 2466 non
887 2422 951 2489 pro
983 2407 1111 2476 tunica,

97 2531 162 2602 sed
189 2549 255 2616 pro
283 2525 436 2595 humoris
465 2524 647 2622 crystallini
674 2536 767 2611 parte
791 2523 929 2586 hebent:
954 2527 1010 2604 qui
1035 2541 1112 2603 qua·

100 2667 187 2717 tuor
204 2665 363 2729 tuentur,
389 2651 696 2717 iilis·coniunctiva
722 2665 790 2710 non
813 2650 925 2709 tunica
946 2640 1003 2706 sed
1019 2642 1112 2708 oeuli

97 2776 325 2863 ligamentum
360 2766 407 2836 est
441 2782 475 2836 et
507 2776 652 2836 retinam
686 2779 720 2831 et
759 2763 1017 2830 arachnoideam
1054 2777 1111 2826 ex*
1183 2769 1186 2782 '

89 2889 266 2964 eludunt:
293 2906 370 2966 tres¹
390 2891 455 2958 eise
482 2892 652 2964 dicenteS,
688 2907 805 2954 uveam
835 2897 869 2949 et
893 2883 1110 2992 seeundinam

99 3039 175 3108 pro
201 3034 266 3078 nna
293 3010 434 3076 habent:
478 3017 534 3095 qui
561 3013 667 3086 dues,
700 3009 850 3084 icleron,
883 3005 1110 3081 secundinam,
1224 3033 1231 3042 ·

58 3139 60 3148 ’
101 3157 270 3217 ¹corneam
293 3153 392 3198 unam
419 3132 642 3220 proclamant.
673 3161 726 3179 -
773 3129 842 3194 Iam
870 3149 954 3196 vero
981 3128 1023 3193 de
1049 3125 1110 3194 fin-

98 3258 206 3349 gulis.

208 3373 444 3442 Membranam
468 3375 735 3448 coniunctivanz,
773 3371 927 3436 Galenus
941 3362 987 3450 ⁴¹)
1012 3378 1111 3436 vocat

101 3519 316 3549 σ--··““““·“·“

146 3606 205 3683 36)
229 3600 416 3664 Hist.enim.
441 3600 465 3658 1.
485 3622 516 3684 9.

131 3707 206 3794 37)
228 3709 282 3769 De
303 3727 388 3768 carn.
411 3721 442 3766 et
461 3704 565 3788 prino.
587 3723 616 3763 c.
629 3704 658 3768 6.
679 3722 710 3785 p.
728 3702 799 3781 248.
820 3697 939 3778 (πολλιέ
954 3693 986 3761 δὲ
999 3688 1040 3758 re*
1055 3694 1111 3779 δέρ-

188 3816 306 3891 em)

144 3919 203 3997 38)
225 3915 280 3977 De
294 3913 353 3992 inc.
369 3915 403 3974 in
416 3920 503 3977 hom.
525 3913 623 3978 siv.
641 3933 674 3994 p.
691 3911 760 3978 138.

144 4025 203 4106 39)
226 4021 267 4080 H.
282 4019 322 4079 N.
338 4023 391 4082 xi.
404 4029 454 4100 54.

145 4134 204 4209 40)
226 4125 281 4187 De
296 4125 386 4184 oculo
404 4145 430 4184 c.
446 4130 477 4201 4.

145 4239 203 4314 41)
225 4229 280 4292 De
296 4227 351 4290 usu
369 4242 450 4313 part.
472 4227 509 4288 Χ.
587 4281 589 4286 .
