<?xml version="1.0" encoding="UTF-8"?>
<!DOCTYPE html PUBLIC "-//W3C//DTD XHTML 1.0 Transitional//EN"
    "http://www.w3.org/TR/xhtml1/DTD/xhtml1-transitional.dtd">
<html xmlns="http://www.w3.org/1999/xhtml" xml:lang="en" lang="en">
 <head>
  <title>
</title>
<meta http-equiv="Content-Type" content="text/html;charset=utf-8" />
  <meta name='ocr-system' content='tesseract 3.04.00' />
  <meta name='ocr-capabilities' content='ocr_page ocr_carea ocr_par ocr_line ocrx_word'/>
</head>
<body>
  <div class='ocr_page' id='page_1' title='image "./syntagmadeophth00wallgoog_0156.png"; bbox 0 0 2820 4994; ppageno 0'>
   <div class='ocr_carea' id='block_1_1' title="bbox 550 454 833 528">
    <p class='ocr_par' dir='ltr' id='par_1_1' title="bbox 550 454 833 528">
     <span class='ocr_line' id='line_1_1' title="bbox 550 454 833 528; baseline 0 -38"><span class='ocrx_word' id='word_1_1' title='bbox 550 454 833 528; x_wconf 63' lang='lat'>...129-</span> 
     </span>
    </p>
   </div>
   <div class='ocr_carea' id='block_1_2' title="bbox 115 583 1189 718">
    <p class='ocr_par' dir='ltr' id='par_1_2' title="bbox 115 583 1189 718">
     <span class='ocr_line' id='line_1_2' title="bbox 115 583 1189 718; baseline 0.002 -22"><span class='ocrx_word' id='word_1_2' title='bbox 115 603 125 692; x_wconf 39' lang='lat'>¹.</span> <span class='ocrx_word' id='word_1_3' title='bbox 160 629 277 718; x_wconf 77' lang='lat' dir='ltr'><strong>spirat</strong></span> <span class='ocrx_word' id='word_1_4' title='bbox 299 624 367 694; x_wconf 77' lang='lat' dir='ltr'>stne</span> <span class='ocrx_word' id='word_1_5' title='bbox 392 625 498 694; x_wconf 87' lang='lat' dir='ltr'>dubio</span> <span class='ocrx_word' id='word_1_6' title='bbox 521 623 582 692; x_wconf 88' lang='lat' dir='ltr'>alia</span> <span class='ocrx_word' id='word_1_7' title='bbox 603 583 811 694; x_wconf 68' lang='lat' dir='ltr'>oblatratio:</span> <span class='ocrx_word' id='word_1_8' title='bbox 825 617 856 716; x_wconf 82' lang='lat'>³)</span> <span class='ocrx_word' id='word_1_9' title='bbox 883 645 948 712; x_wconf 82' lang='lat' dir='ltr'>qun</span> <span class='ocrx_word' id='word_1_10' title='bbox 971 643 1068 716; x_wconf 83' lang='lat' dir='ltr'>parte</span> <span class='ocrx_word' id='word_1_11' title='bbox 1084 649 1189 698; x_wconf 81' lang='lat' dir='ltr'>rnam-</span> 
     </span>
    </p>
   </div>
   <div class='ocr_carea' id='block_1_3' title="bbox 162 746 1298 834">
    <p class='ocr_par' dir='ltr' id='par_1_3' title="bbox 162 746 1298 834">
     <span class='ocr_line' id='line_1_3' title="bbox 162 746 1298 834; baseline 0.003 -18"><span class='ocrx_word' id='word_1_12' title='bbox 162 773 228 820; x_wconf 84' lang='lat' dir='ltr'>ma</span> <span class='ocrx_word' id='word_1_13' title='bbox 257 755 390 827; x_wconf 85' lang='lat' dir='ltr'>maior,</span> <span class='ocrx_word' id='word_1_14' title='bbox 432 746 576 834; x_wconf 83' lang='lat' dir='ltr'>prorsus</span> <span class='ocrx_word' id='word_1_15' title='bbox 604 752 704 814; x_wconf 84' lang='lat' dir='ltr'>etiam</span> <span class='ocrx_word' id='word_1_16' title='bbox 733 752 899 814; x_wconf 87' lang='lat' dir='ltr'>maiorem</span> <span class='ocrx_word' id='word_1_17' title='bbox 926 761 961 815; x_wconf 86' lang='lat' dir='ltr'>et</span> <span class='ocrx_word' id='word_1_18' title='bbox 984 746 1190 820; x_wconf 74' lang='lat' dir='ltr'>lucidiorem</span> <span class='ocrx_word' id='word_1_19' title='bbox 1295 819 1298 826; x_wconf 83' lang='grc'>,</span> 
     </span>
    </p>
   </div>
   <div class='ocr_carea' id='block_1_4' title="bbox 142 866 1188 2532">
    <p class='ocr_par' dir='ltr' id='par_1_4' title="bbox 142 866 1188 2532">
     <span class='ocr_line' id='line_1_4' title="bbox 161 866 1187 958; baseline 0 -20"><span class='ocrx_word' id='word_1_20' title='bbox 161 870 237 938; x_wconf 82' lang='lat' dir='ltr'>elle</span> <span class='ocrx_word' id='word_1_21' title='bbox 271 874 363 936; x_wconf 85' lang='lat' dir='ltr'>inter</span> <span class='ocrx_word' id='word_1_22' title='bbox 396 868 595 958; x_wconf 77' lang='lat' dir='ltr'>palpebram</span> <span class='ocrx_word' id='word_1_23' title='bbox 633 866 783 933; x_wconf 81' lang='lat' dir='ltr'>oculum.</span> <span class='ocrx_word' id='word_1_24' title='bbox 844 868 990 936; x_wconf 79' lang='lat' dir='ltr'>Veteres</span> <span class='ocrx_word' id='word_1_25' title='bbox 1022 875 1187 938; x_wconf 89' lang='lat' dir='ltr'>nimirum</span> 
     </span>
     <span class='ocr_line' id='line_1_5' title="bbox 160 987 1188 1087; baseline 0.003 -30"><span class='ocrx_word' id='word_1_26' title='bbox 160 1010 323 1087; x_wconf 71' lang='lat' dir='ltr'>ornnes,¹</span> <span class='ocrx_word' id='word_1_27' title='bbox 364 1003 404 1055; x_wconf 84' lang='lat' dir='ltr'>ut</span> <span class='ocrx_word' id='word_1_28' title='bbox 444 987 555 1078; x_wconf 84' lang='lat' dir='ltr'>lupra-</span> <span class='ocrx_word' id='word_1_29' title='bbox 579 993 650 1054; x_wconf 82' lang='lat' dir='ltr'>iam</span> <span class='ocrx_word' id='word_1_30' title='bbox 692 988 940 1068; x_wconf 80' lang='lat' dir='ltr'>indicavimus,</span> <span class='ocrx_word' id='word_1_31' title='bbox 988 1013 1188 1062; x_wconf 79' lang='lat' dir='ltr'>connexum</span> 
     </span>
     <span class='ocr_line' id='line_1_6' title="bbox 158 1107 1188 1202; baseline 0.001 -23"><span class='ocrx_word' id='word_1_32' title='bbox 158 1111 357 1202; x_wconf 80' lang='lat' dir='ltr'>quemdam</span> <span class='ocrx_word' id='word_1_33' title='bbox 392 1123 428 1175; x_wconf 87' lang='lat' dir='ltr'>et</span> <span class='ocrx_word' id='word_1_34' title='bbox 462 1124 614 1174; x_wconf 84' lang='lat' dir='ltr'>mutuam</span> <span class='ocrx_word' id='word_1_35' title='bbox 648 1107 849 1175; x_wconf 75' lang='lat' dir='ltr'>relationem</span> <span class='ocrx_word' id='word_1_36' title='bbox 880 1114 974 1178; x_wconf 86' lang='lat' dir='ltr'>inter</span> <span class='ocrx_word' id='word_1_37' title='bbox 1000 1113 1188 1201; x_wconf 80' lang='lat' dir='ltr'>partes&#39;le·</span> 
     </span>
     <span class='ocr_line' id='line_1_7' title="bbox 156 1225 1186 1316; baseline 0.002 -15"><span class='ocrx_word' id='word_1_38' title='bbox 156 1232 290 1301; x_wconf 83' lang='lat' dir='ltr'>xuales</span> <span class='ocrx_word' id='word_1_39' title='bbox 316 1243 350 1295; x_wconf 89' lang='lat' dir='ltr'>et</span> <span class='ocrx_word' id='word_1_40' title='bbox 376 1251 462 1316; x_wconf 85' lang='lat' dir='ltr'>quae</span> <span class='ocrx_word' id='word_1_41' title='bbox 490 1228 557 1294; x_wconf 85' lang='lat' dir='ltr'>illis</span> <span class='ocrx_word' id='word_1_42' title='bbox 585 1225 793 1308; x_wconf 78' lang='lat' dir='ltr'>cohaerent,</span> <span class='ocrx_word' id='word_1_43' title='bbox 834 1252 911 1294; x_wconf 88' lang='lat' dir='ltr'>cum</span> <span class='ocrx_word' id='word_1_44' title='bbox 939 1233 1048 1300; x_wconf 84' lang='lat' dir='ltr'>oculis</span> <span class='ocrx_word' id='word_1_45' title='bbox 1073 1231 1186 1302; x_wconf 83' lang='lat' dir='ltr'>obier-</span> 
     </span>
     <span class='ocr_line' id='line_1_8' title="bbox 157 1344 1184 1437; baseline 0.008 -17"><span class='ocrx_word' id='word_1_46' title='bbox 157 1356 317 1427; x_wconf 86' lang='lat' dir='ltr'>vabant,</span> <span class='ocrx_word' id='word_1_47' title='bbox 342 1350 433 1415; x_wconf 83' lang='lat' dir='ltr'>unde</span> <span class='ocrx_word' id='word_1_48' title='bbox 461 1353 564 1414; x_wconf 85' lang='lat' dir='ltr'>etiam</span> <span class='ocrx_word' id='word_1_49' title='bbox 591 1344 846 1436; x_wconf 79' lang='lat' dir='ltr'>Aristoteles⁴)</span> <span class='ocrx_word' id='word_1_50' title='bbox 829 1348 991 1430; x_wconf 84' lang='lat' dir='ltr'>)oeulos</span> <span class='ocrx_word' id='word_1_51' title='bbox 1017 1353 1184 1437; x_wconf 80' lang='lat' dir='ltr'>adfectos,</span> 
     </span>
     <span class='ocr_line' id='line_1_9' title="bbox 153 1457 1185 1570; baseline 0.008 -30"><span class='ocrx_word' id='word_1_52' title='bbox 153 1473 354 1544; x_wconf 87' lang='lat' dir='ltr'>fluentibus</span> <span class='ocrx_word' id='word_1_53' title='bbox 385 1457 641 1548; x_wconf 81' lang='lat' dir='ltr'>menstruis,·‘</span> <span class='ocrx_word' id='word_1_54' title='bbox 628 1491 666 1536; x_wconf 83' lang='grc' dir='ltr'>ιιι</span> <span class='ocrx_word' id='word_1_55' title='bbox 699 1462 780 1538; x_wconf 82' lang='lat' dir='ltr'>lextt</span> <span class='ocrx_word' id='word_1_56' title='bbox 809 1469 955 1557; x_wconf 79' lang='lat' dir='ltr'>sequiori</span> <span class='ocrx_word' id='word_1_57' title='bbox 987 1467 1032 1541; x_wconf 80' lang='lat' dir='ltr'>ob</span> <span class='ocrx_word' id='word_1_58' title='bbox 1057 1475 1185 1570; x_wconf 83' lang='lat' dir='ltr'>sangui·</span> 
     </span>
     <span class='ocr_line' id='line_1_10' title="bbox 153 1570 1183 1694; baseline 0.003 -29"><span class='ocrx_word' id='word_1_59' title='bbox 153 1604 219 1665; x_wconf 83' lang='lat' dir='ltr'>nis</span> <span class='ocrx_word' id='word_1_60' title='bbox 248 1570 386 1661; x_wconf 85' lang='lat' dir='ltr'>turbam</span> <span class='ocrx_word' id='word_1_61' title='bbox 408 1604 443 1657; x_wconf 89' lang='lat' dir='ltr'>et</span> <span class='ocrx_word' id='word_1_62' title='bbox 463 1591 721 1694; x_wconf 84' lang='lat' dir='ltr'>ebullitionem,</span> <span class='ocrx_word' id='word_1_63' title='bbox 758 1592 941 1680; x_wconf 82' lang='lat' dir='ltr'>aliquando</span> <span class='ocrx_word' id='word_1_64' title='bbox 966 1593 1051 1664; x_wconf 84' lang='lat' dir='ltr'>vidit</span> <span class='ocrx_word' id='word_1_65' title='bbox 1084 1589 1183 1692; x_wconf 74' lang='lat' dir='ltr'>(opla-</span> 
     </span>
     <span class='ocr_line' id='line_1_11' title="bbox 149 1704 1181 1794; baseline 0.004 -6"><span class='ocrx_word' id='word_1_66' title='bbox 149 1718 310 1788; x_wconf 84' lang='lat' dir='ltr'>thalmia</span> <span class='ocrx_word' id='word_1_67' title='bbox 337 1738 381 1781; x_wconf 87' lang='lat' dir='ltr'>ex</span> <span class='ocrx_word' id='word_1_68' title='bbox 408 1717 604 1782; x_wconf 85' lang='lat' dir='ltr'>catameniis</span> <span class='ocrx_word' id='word_1_69' title='bbox 635 1704 834 1794; x_wconf 83' lang='lat' dir='ltr'>anomalis).</span> <span class='ocrx_word' id='word_1_70' title='bbox 889 1707 1067 1786; x_wconf 82' lang='lat' dir='ltr'>Praeterea</span> <span class='ocrx_word' id='word_1_71' title='bbox 1097 1737 1181 1792; x_wconf 80' lang='lat' dir='ltr'>vero</span> 
     </span>
     <span class='ocr_line' id='line_1_12' title="bbox 147 1833 1182 1926; baseline 0.004 -21"><span class='ocrx_word' id='word_1_72' title='bbox 147 1840 299 1926; x_wconf 82' lang='lat' dir='ltr'>liquet,</span> <span class='ocrx_word' id='word_1_73' title='bbox 325 1835 503 1903; x_wconf 87' lang='lat' dir='ltr'>oculorum</span> <span class='ocrx_word' id='word_1_74' title='bbox 529 1849 673 1904; x_wconf 83' lang='lat' dir='ltr'>externa</span> <span class='ocrx_word' id='word_1_75' title='bbox 690 1833 878 1904; x_wconf 79' lang='lat' dir='ltr'>velamenta</span> <span class='ocrx_word' id='word_1_76' title='bbox 897 1841 941 1902; x_wconf 78' lang='lat' dir='ltr'>eit</span> <span class='ocrx_word' id='word_1_77' title='bbox 959 1844 1095 1910; x_wconf 78' lang='lat' dir='ltr'>oerebri</span> <span class='ocrx_word' id='word_1_78' title='bbox 1111 1861 1182 1920; x_wconf 78' lang='lat' dir='ltr'>me-</span> 
     </span>
     <span class='ocr_line' id='line_1_13' title="bbox 145 1949 1180 2048; baseline 0.009 -22"><span class='ocrx_word' id='word_1_79' title='bbox 145 1957 349 2047; x_wconf 81' lang='lat' dir='ltr'>ningibus,</span> <span class='ocrx_word' id='word_1_80' title='bbox 374 1963 530 2026; x_wconf 89' lang='lat' dir='ltr'>internos</span> <span class='ocrx_word' id='word_1_81' title='bbox 557 1971 643 2023; x_wconf 83' lang='lat' dir='ltr'>vero</span> <span class='ocrx_word' id='word_1_82' title='bbox 675 1952 816 2048; x_wconf 81' lang='lat' dir='ltr'>abipso</span> <span class='ocrx_word' id='word_1_83' title='bbox 847 1949 990 2026; x_wconf 83' lang='lat' dir='ltr'>cerebro</span> <span class='ocrx_word' id='word_1_84' title='bbox 1016 1953 1180 2035; x_wconf 79' lang='lat' dir='ltr'>humores</span> 
     </span>
     <span class='ocr_line' id='line_1_14' title="bbox 144 2073 1179 2188; baseline 0.007 -42"><span class='ocrx_word' id='word_1_85' title='bbox 144 2085 325 2188; x_wconf 59' lang='lat' dir='ltr'>accipere</span> <span class='ocrx_word' id='word_1_86' title='bbox 360 2089 394 2166; x_wconf 79' lang='lat' dir='ltr'>et</span> <span class='ocrx_word' id='word_1_87' title='bbox 428 2077 471 2145; x_wconf 83' lang='lat' dir='ltr'>fio</span> <span class='ocrx_word' id='word_1_88' title='bbox 500 2099 545 2144; x_wconf 83' lang='lat' dir='ltr'>ex</span> <span class='ocrx_word' id='word_1_89' title='bbox 577 2073 649 2145; x_wconf 80' lang='lat' dir='ltr'>istis</span> <span class='ocrx_word' id='word_1_90' title='bbox 680 2075 871 2148; x_wconf 74' lang='lat' dir='ltr'>ratiociniis</span> <span class='ocrx_word' id='word_1_91' title='bbox 904 2093 939 2146; x_wconf 87' lang='lat' dir='ltr'>et</span> <span class='ocrx_word' id='word_1_92' title='bbox 976 2095 1179 2158; x_wconf 83' lang='lat' dir='ltr'>commentis</span> 
     </span>
     <span class='ocr_line' id='line_1_15' title="bbox 143 2189 1179 2277; baseline 0.004 -5"><span class='ocrx_word' id='word_1_93' title='bbox 143 2213 303 2272; x_wconf 85' lang='lat' dir='ltr'>interna</span> <span class='ocrx_word' id='word_1_94' title='bbox 334 2200 414 2266; x_wconf 87' lang='lat' dir='ltr'>vitia</span> <span class='ocrx_word' id='word_1_95' title='bbox 456 2222 501 2266; x_wconf 84' lang='lat' dir='ltr'>ex</span> <span class='ocrx_word' id='word_1_96' title='bbox 541 2189 686 2266; x_wconf 81' lang='lat' dir='ltr'>llecitate</span> <span class='ocrx_word' id='word_1_97' title='bbox 723 2194 847 2277; x_wconf 84' lang='lat' dir='ltr'>nimia,</span> <span class='ocrx_word' id='word_1_98' title='bbox 892 2213 927 2266; x_wconf 82' lang='lat' dir='ltr'>et</span> <span class='ocrx_word' id='word_1_99' title='bbox 961 2214 1101 2272; x_wconf 81' lang='lat' dir='ltr'>externa</span> <span class='ocrx_word' id='word_1_100' title='bbox 1134 2229 1179 2276; x_wconf 84' lang='lat' dir='ltr'>ex</span> 
     </span>
     <span class='ocr_line' id='line_1_16' title="bbox 142 2308 1177 2408; baseline 0.011 -20"><span class='ocrx_word' id='word_1_101' title='bbox 142 2317 359 2394; x_wconf 82' lang='lat' dir='ltr'>abundante</span> <span class='ocrx_word' id='word_1_102' title='bbox 386 2342 450 2408; x_wconf 87' lang='lat' dir='ltr'>per</span> <span class='ocrx_word' id='word_1_103' title='bbox 483 2308 565 2387; x_wconf 85' lang='lat' dir='ltr'>vala</span> <span class='ocrx_word' id='word_1_104' title='bbox 589 2331 730 2388; x_wconf 86' lang='lat' dir='ltr'>externa</span> <span class='ocrx_word' id='word_1_105' title='bbox 763 2322 964 2408; x_wconf 82' lang='lat' dir='ltr'>temporalia</span> <span class='ocrx_word' id='word_1_106' title='bbox 992 2318 1177 2398; x_wconf 85' lang='lat' dir='ltr'>humorum</span> 
     </span>
     <span class='ocr_line' id='line_1_17' title="bbox 143 2423 1177 2532; baseline 0.013 -29"><span class='ocrx_word' id='word_1_107' title='bbox 143 2445 287 2532; x_wconf 79' lang='lat' dir='ltr'>copia,</span> <span class='ocrx_word' id='word_1_108' title='bbox 331 2436 539 2508; x_wconf 76' lang='lat' dir='ltr'>derivantur.</span> <span class='ocrx_word' id='word_1_109' title='bbox 600 2435 753 2510; x_wconf 82' lang='lat' dir='ltr'>Tantum</span> <span class='ocrx_word' id='word_1_110' title='bbox 793 2435 899 2530; x_wconf 85' lang='lat' dir='ltr'>igitur</span> <span class='ocrx_word' id='word_1_111' title='bbox 934 2423 1107 2514; x_wconf 80' lang='lat' dir='ltr'>errorent</span> <span class='ocrx_word' id='word_1_112' title='bbox 1126 2443 1177 2516; x_wconf 87' lang='lat' dir='ltr'>in·</span> 
     </span>
    </p>
   </div>
   <div class='ocr_carea' id='block_1_5' title="bbox 135 2548 1242 3130">
    <p class='ocr_par' dir='ltr' id='par_1_5' title="bbox 135 2548 1242 3130">
     <span class='ocr_line' id='line_1_18' title="bbox 138 2548 1176 2658; baseline 0.002 -24"><span class='ocrx_word' id='word_1_113' title='bbox 138 2548 273 2638; x_wconf 76' lang='lat' dir='ltr'>icitia</span> <span class='ocrx_word' id='word_1_114' title='bbox 293 2566 405 2647; x_wconf 87' lang='lat' dir='ltr'>potuit</span> <span class='ocrx_word' id='word_1_115' title='bbox 439 2577 625 2647; x_wconf 80' lang='lat' dir='ltr'>procreare</span> <span class='ocrx_word' id='word_1_116' title='bbox 651 2568 843 2632; x_wconf 82' lang='lat' dir='ltr'>anatomica</span> <span class='ocrx_word' id='word_1_117' title='bbox 876 2567 909 2630; x_wconf 81' lang='lat' dir='ltr'>ei</span> <span class='ocrx_word' id='word_1_118' title='bbox 940 2555 1176 2658; x_wconf 83' lang='lat' dir='ltr'>pbyfiologica,</span> 
     </span>
     <span class='ocr_line' id='line_1_19' title="bbox 140 2673 1177 2774; baseline 0.009 -27"><span class='ocrx_word' id='word_1_119' title='bbox 140 2690 218 2773; x_wconf 88' lang='lat' dir='ltr'>qui</span> <span class='ocrx_word' id='word_1_120' title='bbox 259 2686 364 2745; x_wconf 87' lang='lat' dir='ltr'>etiam</span> <span class='ocrx_word' id='word_1_121' title='bbox 397 2675 438 2746; x_wconf 85' lang='lat' dir='ltr'>ad</span> <span class='ocrx_word' id='word_1_122' title='bbox 459 2673 556 2774; x_wconf 74' lang='lat' dir='ltr'>cetst</span> <span class='ocrx_word' id='word_1_123' title='bbox 590 2699 697 2768; x_wconf 88' lang='lat' dir='ltr'>usque</span> <span class='ocrx_word' id='word_1_124' title='bbox 729 2691 872 2750; x_wconf 82' lang='lat' dir='ltr'>aetatem</span> <span class='ocrx_word' id='word_1_125' title='bbox 900 2689 1019 2770; x_wconf 76' lang='lat' dir='ltr'>utpote</span> <span class='ocrx_word' id='word_1_126' title='bbox 1046 2699 1091 2752; x_wconf 76' lang='lat' dir='ltr'>ex</span> <span class='ocrx_word' id='word_1_127' title='bbox 1119 2693 1177 2756; x_wconf 82' lang='lat' dir='ltr'>tri·</span> 
     </span>
     <span class='ocr_line' id='line_1_20' title="bbox 135 2793 1175 2898; baseline 0.013 -33"><span class='ocrx_word' id='word_1_128' title='bbox 135 2803 256 2898; x_wconf 75' lang='lat' dir='ltr'>poda</span> <span class='ocrx_word' id='word_1_129' title='bbox 292 2793 397 2866; x_wconf 81' lang='lat' dir='ltr'>sumta</span> <span class='ocrx_word' id='word_1_130' title='bbox 432 2804 555 2872; x_wconf 77' lang='lat' dir='ltr'>veritas</span> <span class='ocrx_word' id='word_1_131' title='bbox 592 2793 752 2892; x_wconf 82' lang='lat' dir='ltr'>perstitit.</span> <span class='ocrx_word' id='word_1_132' title='bbox 811 2802 871 2869; x_wconf 88' lang='lat' dir='ltr'>llle</span> <span class='ocrx_word' id='word_1_133' title='bbox 912 2810 1004 2872; x_wconf 84' lang='lat' dir='ltr'>enirn</span> <span class='ocrx_word' id='word_1_134' title='bbox 1041 2799 1175 2878; x_wconf 83' lang='lat' dir='ltr'>disertis</span> 
     </span>
     <span class='ocr_line' id='line_1_21' title="bbox 138 2917 1242 3013; baseline 0.008 -22"><span class='ocrx_word' id='word_1_135' title='bbox 138 2929 301 3001; x_wconf 69' lang='lat' dir='ltr'>verbiS,</span> <span class='ocrx_word' id='word_1_136' title='bbox 333 2935 491 3008; x_wconf 81' lang='lat' dir='ltr'>tanquam</span> <span class='ocrx_word' id='word_1_137' title='bbox 519 2943 564 2989; x_wconf 86' lang='lat' dir='ltr'>ex</span> <span class='ocrx_word' id='word_1_138' title='bbox 588 2921 821 3013; x_wconf 75' lang='lat' dir='ltr'>Hippocrate,</span> <span class='ocrx_word' id='word_1_139' title='bbox 849 2917 1025 3012; x_wconf 82' lang='lat' dir='ltr'>perhibet,</span> <span class='ocrx_word' id='word_1_140' title='bbox 1059 2921 1175 3000; x_wconf 81' lang='lat' dir='ltr'>oculo·</span> <span class='ocrx_word' id='word_1_141' title='bbox 1238 2971 1242 2978; x_wconf 91' lang='lat'>·</span> 
     </span>
     <span class='ocr_line' id='line_1_22' title="bbox 137 3029 1176 3130; baseline 0.017 -26"><span class='ocrx_word' id='word_1_142' title='bbox 137 3069 240 3122; x_wconf 61' lang='lat' dir='ltr'>rum</span> <span class='ocrx_word' id='word_1_143' title='bbox 278 3029 435 3130; x_wconf 73' lang='lat' dir='ltr'>pituitam</span> <span class='ocrx_word' id='word_1_144' title='bbox 463 3065 508 3110; x_wconf 87' lang='lat' dir='ltr'>ex</span> <span class='ocrx_word' id='word_1_145' title='bbox 534 3050 629 3112; x_wconf 77' lang='lat' dir='ltr'>tanis</span> <span class='ocrx_word' id='word_1_146' title='bbox 664 3051 754 3109; x_wconf 88' lang='lat' dir='ltr'>inter</span> <span class='ocrx_word' id='word_1_147' title='bbox 784 3031 1015 3114; x_wconf 75' lang='lat' dir='ltr'>membranam</span> <span class='ocrx_word' id='word_1_148' title='bbox 1041 3048 1176 3124; x_wconf 83' lang='lat' dir='ltr'>cerebri</span> 
     </span>
    </p>
   </div>
   <div class='ocr_carea' id='block_1_6' title="bbox 130 3139 1174 4204">
    <p class='ocr_par' dir='ltr' id='par_1_6' title="bbox 130 3139 1174 4094">
     <span class='ocr_line' id='line_1_23' title="bbox 137 3139 1174 3264; baseline 0.014 -35"><span class='ocrx_word' id='word_1_149' title='bbox 137 3186 185 3242; x_wconf 63' lang='lat' dir='ltr'>gt</span> <span class='ocrx_word' id='word_1_150' title='bbox 218 3159 404 3230; x_wconf 81' lang='lat' dir='ltr'>calvariam</span> <span class='ocrx_word' id='word_1_151' title='bbox 433 3171 561 3232; x_wconf 81' lang='lat' dir='ltr'>emitti:</span> <span class='ocrx_word' id='word_1_152' title='bbox 572 3159 820 3254; x_wconf 80' lang='lat' dir='ltr'>superioribus</span> <span class='ocrx_word' id='word_1_153' title='bbox 848 3162 891 3234; x_wconf 84' lang='lat' dir='ltr'>lc.</span> <span class='ocrx_word' id='word_1_154' title='bbox 917 3187 980 3256; x_wconf 85' lang='lat' dir='ltr'>per</span> <span class='ocrx_word' id='word_1_155' title='bbox 1006 3139 1174 3264; x_wconf 69' lang='lat' dir='ltr'>tempora,</span> 
     </span>
     <span class='ocr_line' id='line_1_24' title="bbox 136 3283 1174 3376; baseline 0.002 -12"><span class='ocrx_word' id='word_1_156' title='bbox 136 3283 415 3370; x_wconf 85' lang='lat' dir='ltr'>inferioribus,</span> <span class='ocrx_word' id='word_1_157' title='bbox 452 3301 603 3376; x_wconf 76' lang='lat' dir='ltr'>pereas</span> <span class='ocrx_word' id='word_1_158' title='bbox 640 3290 855 3364; x_wconf 81' lang='lat' dir='ltr'>membranas</span> <span class='ocrx_word' id='word_1_159' title='bbox 884 3310 967 3375; x_wconf 87' lang='lat' dir='ltr'>quae</span> <span class='ocrx_word' id='word_1_160' title='bbox 998 3290 1039 3358; x_wconf 86' lang='lat' dir='ltr'>ab</span> <span class='ocrx_word' id='word_1_161' title='bbox 1066 3290 1174 3366; x_wconf 78' lang='lat' dir='ltr'>oculta</span> 
     </span>
     <span class='ocr_line' id='line_1_25' title="bbox 136 3389 1173 3506; baseline 0.007 -29"><span class='ocrx_word' id='word_1_162' title='bbox 136 3420 195 3489; x_wconf 69' lang='lat' dir='ltr'>ad</span> <span class='ocrx_word' id='word_1_163' title='bbox 232 3410 417 3478; x_wconf 85' lang='lat' dir='ltr'>cerebrum</span> <span class='ocrx_word' id='word_1_164' title='bbox 444 3408 609 3486; x_wconf 80' lang='lat' dir='ltr'>tendunt,</span> <span class='ocrx_word' id='word_1_165' title='bbox 635 3401 756 3474; x_wconf 80' lang='lat' dir='ltr'>oculos</span> <span class='ocrx_word' id='word_1_166' title='bbox 783 3407 899 3496; x_wconf 85' lang='lat' dir='ltr'>rigari.</span> <span class='ocrx_word' id='word_1_167' title='bbox 958 3397 1090 3502; x_wconf 75' lang='lat' dir='ltr'>Quibus</span> <span class='ocrx_word' id='word_1_168' title='bbox 1112 3389 1173 3506; x_wconf 78' lang='lat' dir='ltr'>igi</span> 
     </span>
     <span class='ocr_line' id='line_1_26' title="bbox 130 3521 1172 3634; baseline 0.006 -37"><span class='ocrx_word' id='word_1_169' title='bbox 130 3557 211 3614; x_wconf 73' lang='lat' dir='ltr'>tur</span> <span class='ocrx_word' id='word_1_170' title='bbox 245 3547 330 3619; x_wconf 89' lang='lat' dir='ltr'>quae</span> <span class='ocrx_word' id='word_1_171' title='bbox 353 3522 448 3634; x_wconf 84' lang='lat' dir='ltr'>supra</span> <span class='ocrx_word' id='word_1_172' title='bbox 480 3547 539 3606; x_wconf 90' lang='lat' dir='ltr'>os,</span> <span class='ocrx_word' id='word_1_173' title='bbox 564 3549 629 3592; x_wconf 86' lang='lat' dir='ltr'>nee</span> <span class='ocrx_word' id='word_1_174' title='bbox 655 3549 738 3595; x_wconf 85' lang='lat' dir='ltr'>vero</span> <span class='ocrx_word' id='word_1_175' title='bbox 761 3547 844 3615; x_wconf 86' lang='lat' dir='ltr'>quae</span> <span class='ocrx_word' id='word_1_176' title='bbox 871 3525 929 3596; x_wconf 89' lang='lat' dir='ltr'>sub</span> <span class='ocrx_word' id='word_1_177' title='bbox 958 3521 1026 3601; x_wconf 77' lang='lat' dir='ltr'>oste</span> <span class='ocrx_word' id='word_1_178' title='bbox 1052 3532 1172 3618; x_wconf 79' lang='lat' dir='ltr'>linunt,</span> 
     </span>
     <span class='ocr_line' id='line_1_27' title="bbox 131 3627 1171 3743; baseline 0.002 -21"><span class='ocrx_word' id='word_1_179' title='bbox 131 3630 316 3736; x_wconf 69' lang='lat' dir='ltr'>rernedia</span> <span class='ocrx_word' id='word_1_180' title='bbox 349 3627 659 3736; x_wconf 82' lang='lat' dir='ltr'>exquirendae</span> <span class='ocrx_word' id='word_1_181' title='bbox 596 3647 671 3714; x_wconf 84' lang='lat' dir='ltr'>else.</span> <span class='ocrx_word' id='word_1_182' title='bbox 728 3647 783 3714; x_wconf 80' lang='lat' dir='ltr'>De</span> <span class='ocrx_word' id='word_1_183' title='bbox 815 3649 882 3716; x_wconf 84' lang='lat' dir='ltr'>hoo</span> <span class='ocrx_word' id='word_1_184' title='bbox 914 3665 997 3720; x_wconf 76' lang='lat' dir='ltr'>tero</span> <span class='ocrx_word' id='word_1_185' title='bbox 1029 3650 1171 3743; x_wconf 80' lang='lat' dir='ltr'>pituitae</span> 
     </span>
     <span class='ocr_line' id='line_1_28' title="bbox 130 3771 423 3855; baseline -0.008 -15"><span class='ocrx_word' id='word_1_186' title='bbox 130 3785 254 3855; x_wconf 83' lang='lat' dir='ltr'><strong>fluxu</strong></span> <span class='ocrx_word' id='word_1_187' title='bbox 279 3771 423 3838; x_wconf 49' lang='lat' dir='ltr'>intra!</span> 
     </span>
     <span class='ocr_line' id='line_1_29' title="bbox 144 3993 890 4094; baseline 0.008 -31"><span class='ocrx_word' id='word_1_188' title='bbox 144 3993 149 4004; x_wconf 49' lang='lat'><em>⁵</em></span> <span class='ocrx_word' id='word_1_189' title='bbox 189 4013 237 4094; x_wconf 82' lang='grc'>3)</span> <span class='ocrx_word' id='word_1_190' title='bbox 262 4003 320 4069; x_wconf 84' lang='lat' dir='ltr'>De</span> <span class='ocrx_word' id='word_1_191' title='bbox 336 3993 535 4086; x_wconf 63' lang='lat' dir='ltr'>superloetat.</span> <span class='ocrx_word' id='word_1_192' title='bbox 557 3994 587 4078; x_wconf 79' lang='lat' dir='ltr'>S,</span> <span class='ocrx_word' id='word_1_193' title='bbox 602 3993 659 4064; x_wconf 85' lang='lat' dir='ltr'>lti.</span> <span class='ocrx_word' id='word_1_194' title='bbox 674 3997 702 4068; x_wconf 76' lang='grc'>6.</span> <span class='ocrx_word' id='word_1_195' title='bbox 724 4015 756 4087; x_wconf 72' lang='lat' dir='ltr'>pa</span> <span class='ocrx_word' id='word_1_196' title='bbox 774 4005 849 4094; x_wconf 64' lang='lat'>²⁶9«</span> <span class='ocrx_word' id='word_1_197' title='bbox 888 3993 890 3998; x_wconf 69' lang='lat'>,</span> 
     </span>
    </p>

    <p class='ocr_par' dir='ltr' id='par_1_7' title="bbox 186 4106 899 4204">
     <span class='ocr_line' id='line_1_30' title="bbox 186 4106 899 4204; baseline 0.004 -30"><span class='ocrx_word' id='word_1_198' title='bbox 186 4123 237 4204; x_wconf 72' lang='lat'>4)</span> <span class='ocrx_word' id='word_1_199' title='bbox 260 4112 319 4175; x_wconf 88' lang='lat' dir='ltr'>De</span> <span class='ocrx_word' id='word_1_200' title='bbox 332 4106 466 4174; x_wconf 82' lang='lat' dir='ltr'>iniomn.</span> <span class='ocrx_word' id='word_1_201' title='bbox 487 4117 557 4174; x_wconf 82' lang='lat' dir='ltr'>c.‘t.</span> <span class='ocrx_word' id='word_1_202' title='bbox 579 4129 613 4193; x_wconf 76' lang='lat' dir='ltr'>p.</span> <span class='ocrx_word' id='word_1_203' title='bbox 632 4109 721 4188; x_wconf 59' lang='lat'>¹45⁸*</span> <span class='ocrx_word' id='word_1_204' title='bbox 893 4136 899 4147; x_wconf 84' lang='lat'><strong>·</strong></span> 
     </span>
    </p>
   </div>
   <div class='ocr_carea' id='block_1_7' title="bbox 0 0 1414 4994">
    <p class='ocr_par' dir='ltr' id='par_1_8' title="bbox 0 0 1414 4994">
     <span class='ocr_line' id='line_1_31' title="bbox 0 0 1414 4994; baseline 0 8"><span class='ocrx_word' id='word_1_205' title='bbox 0 0 1414 4994; x_wconf 95' lang='lat' dir='ltr'> </span> 
     </span>
    </p>
   </div>
  </div>
 </body>
</html>
