2910 4978
710 365 986 440 -252-

343 561 554 664 speetpi‘v).
601 563 654 631 ibi
680 565 782 628 etiarn
806 579 864 624 aes
890 569 1008 624 natans
1034 542 1177 637 (χαλκδς
1197 539 1352 636 eclipsa-

330 699 425 778 Ιφης)
451 671 488 762 ἰίιΙ
510 687 627 778 stagno
651 685 799 772 quodam
826 685 1031 752 occurrere,
1058 701 1102 744 cx
1124 701 1193 764 quo
1217 683 1252 742 in
1271 691 1355 742 tem-

343 823 403 917 plo
432 813 602 901 Apollinis
629 805 804 898 Sycioneo
836 797 958 868 statuas
995 800 1168 866 confectas
1204 798 1255 864 css
1305 833 1355 848 —

324 915 502 1020 ,Fossores
536 928 662 1000 metalli
695 925 796 990 huius
823 917 893 990 visu
912 921 1029 986 ·reddi
1062 917 1250 986 acutissimo
1275 916 1356 985 etii

346 1057 516 1160 palpebris
533 1049 625 1121 forte
644 1045 856 1117 defecerint,
880 1042 981 1110 facile
998 1046 1125 1108 exinde
1142 1042 1250 1122 nasci3
1282 1061 1358 1126 qua·

347 1198 492 1281 propter
517 1197 573 1244 aes
599 1175 751 1251 cinisque
785 1167 952 1258 phrygius
982 1167 1163 1230 oculorum
1190 1167 1356 1232 remediis

349 1305 536 1379 admisceri.
560 1325 609 1344 ·-
644 1290 697 1354 Ex
723 1286 786 1352 hac
806 1291 917 1376 igitur
938 1286 1007 1352 casa
1023 1287 1110 1352 saeta
1137 1294 1275 1374 egregia
1301 1285 1358 1350 oh·
1424 1299 1425 1302 ’

323 1420 556 1502 servatione,
581 1437 681 1502 quam
705 1409 912 1494 Aristoteles
939 1413 1074 1498 primus
1101 1429 1243 1472 narrare
1270 1407 1360 1473 vide·

350 1567 428 1630 tur,
468 1545 544 1612 usus
566 1531 803 1630 chrysocollae
828 1531 918 1618 apud
947 1524 1104 1619 posteros
1139 1544 1172 1594 et
1205 1529 1273 1593 fine
1301 1529 1358 1590 du·

342 1659 427 1752 hio,
471 1665 569 1750 cupri
611 1657 725 1723 laudes
750 1658 794 1754 'in
828 1651 1045 1729 universum,
1085 1647 1360 1732 interpretandas
1415 1643 1420 1665 ²

344 1786 597 1888 ,ommendoc
631 1773 850 1862 Dioscorides
889 1773 956 1849 (V.
987 1770 1088 1850 104.)
1124 1767 1362 1862 chrysocollae

351 1907 483 2000 δύναμιν
507 1887 680 1994 optans-ruric
695 1887 796 1960 ου’λῠν
813 1893 976 1995 adscribit
990 1905 1025 1960 et
1040 1890 1174 1960 Plinius
1191 1885 1270 1978 (δι.
1290 1879 1361 1963 28.)

351 2047 487 2130 praeter
512 2024 590 2093 istas
622 2019 717 2087 addit
749 2015 905 2102 insuper,
941 2019 1095 2082 vomitus
1128 2014 1276 2076 excitari
1303 2026 1361 2072 ex·

352 2161 434 2233 inde
460 2149 558 2220 etad
585 2147 760 2211 cicatrices
785 2147 822 2202 et
846 2139 887 2199 ab
903 2132 1087 2224 Aegyptiis
1110 2151 1187 2198 curn
1214 2130 1304 2195 lacte
1326 2131 1361 2192 ln

355 2273 515 2352 coticulis
539 2272 662 2335 tritum
689 2260 732 2326 ad
756 2257 872 2324 ulcera
899 2254 1085 2320 oculor-uin
1107 2252 1265 2344 collyriis
1285 2260 1362 2334 apte

355 2400 508 2487 misceri:
546 2413 564 2457 a
590 2384 734 2458 medicis
761 2375 868 2450 acefin
892 2373 1073 2463 appellari,
1106 2373 1146 2436 ab
1169 2357 1362 2462 aurificibus

355 2541 440 2599 vero
476 2514 531 2584 ad‘
553 2499 828 2596 adglutinandum
862 2518 983 2562 aurum
1011 2501 1062 2564 uti
1089 2516 1133 2559 ex
1158 2489 1290 2584 Cypria
1313 2510 1362 2554 ae·

329 2632 477 2734 ¹ruginc
499 2629 694 2719 temperari.
719 2653 766 2670 -
793 2619 894 2686 Hanc
915 2637 1000 2686 vero
1026 2610 1295 2709 chrysocollam,
1321 2610 1362 2674 de

330 2747 332 2757 Ι
359 2791 424 2858 qua
448 2769 514 2830 iarn
538 2755 669 2823 sermo,
691 2743 908 2836 spontaneam
934 2754 968 2804 et
986 2735 1202 2808 naturalem,
1229 2753 1296 2826 pro
1313 2745 1363 2794 ae·

358 2893 480 2978 rugiae
511 2877 608 2946 sosfili
631 2873 653 2941 s.
676 2869 817 2938 scolecia
841 2863 952 2928 habeo
984 2873 1040 2927 aut
1065 2873 1210 2944 pquoque
1242 2853 1287 2919 ad
1319 2853 1365 2918 vi·

359 3009 437 3080 ride
469 3007 556 3071 aeris
588 2989 759 3064 naturale,
802 2983 945 3050 metallis
985 2983 1123 3069 cupreis
1163 2977 1364 3052 adhaerens,

359 3099 549 3199 transiero:
573 3137 629 3184 aas
653 3125 766 3181 autem
794 3120 909 3172 natans
937 3105 977 3168 ab
1006 3101 1195 3188 Aristotele
1221 3099 1363 3170 dictum,

361 3251 434 3322 aliis
468 3240 669 3324 derelinquo
702 3246 740 3301 ut
771 3230 931 3296 definiant
965 3247 1028 3290 nec
1059 3217 1264 3315 hypothesin
1296 3217 1364 3302 qui·

362 3353 451 3442 dem*
477 3365 647 3458 proferre„
667 3358 788 3424 audeo.
843 3349 1052 3417 Caeruleum
1085 3343 1270 3410 metallum
1295 3337 1365 3404 Art·

356 3475 499 3591 scoralia
534 3501 705 3575 congener
739 3477 804 3544 [ine
836 3475 960 3549 dubio,
999 3489 1065 3534 nec
1097 3479 1211 3532 tamen
1240 3460 1363 3524 certius

364 3613 613 3690 definiendum:
637 3593 747 3674 forsan
771 3597 882 3664 autem
902 3595 942 3660 ad
968 3589 1052 3656 illud
1078 3591 1249 3678 pertinet,
1275 3574 1365 3663 quod

363 3735 542 3815 vernacula
567 3719 780 3814 llupserlasur
803 3719 904 3805 vulgo
927 3725 1077 3782 vocatur.
1100 3739 1152 3776 ·-.-
1183 3705 1272 3772 Cum
1300 3695 1364 3763 hoc

346 3857 528 3936 ¹coeruleo
558 3846 694 3920 metallo
720 3839 883 3925 naturali,
923 3855 1027 3920 aeque
1053 3852 1090 3896 ac
1117 3851 1196 3896 cum
1226 3825 1365 3914 chryso·

367 3985 452 4055 colla
473 3979 496 4047 s.
522 3977 681 4061 aerugine
707 3963 868 4040 naturali,
895 3975 1106 4044 nequaquam
1130 3941 1366 4016 commiscean-

367 4120 422 4173 tur
445 4101 523 4175 illa,
557 4103 646 4180 quae
663 4072 737 4156 arte
763 4085 1006 4166 coniiciuntur.
1065 4073 1170 4164 Quod
1197 4067 1240 4134 ad
1264 4081 1365 4130 ueru-
