2910 4978
527 441 899 511 ..,77...

147 621 256 700 etiarn
289 609 359 704 ipse
394 608 515 678 oculus
548 614 607 696 qui
639 609 834 687 curabitur,
872 613 1088 682 immobilior
1116 615 1165 684 fa·

145 738 295 814 ciendus
321 729 390 806 est,
432 731 533 822 super
560 730 705 798 alterum
727 730 804 797 lana
835 727 989 821 imposita
1023 749 1057 802 et
1083 737 1166 804 deli·

130 827 238 948 puta.
298 853 422 922 Curari
455 875 539 924 vero
575 847 704 918 sinister
736 851 856 919 oculus
892 853 1014 920 dextra
1049 875 1163 938 menn,

144 978 276 1043 dexter
303 972 430 1046 sinistra
450 975 569 1066 debet.
625 969 722 1040 Tum
748 993 827 1039 ocus
858 973 1071 1042 admovenda
1097 975 1159 1058 est,
1209 1021 1212 1033 ·

142 1108 348 1176 autlaeuta,
372 1107 431 1160 aut
456 1091 549 1160 forte
575 1116 645 1160 non
667 1098 811 1160 nimium
834 1098 948 1161 tenuis
970 1069 1077 1180 eaque
1101 1100 1159 1164 de·

142 1215 328 1306 mittendo.
378 1213 449 1282 Sed
472 1227 564 1280 recta
587 1210 634 1280 est
659 1235 721 1301 per
748 1211 894 1278 summas
917 1212 998 1282 duas
1023 1222 1157 1284 tunicas

139 1337 268 1402 medio
302 1335 383 1402 loeo
415 1341 506 1402 inter
539 1340 676 1423 nigrum
704 1334 794 1400 oculi
829 1347 862 1398 et
887 1335 1045 1432 angulum
1070 1352 1157 1407 tem·

137 1463 227 1549 pori
252 1462 455 1546 propiorem
482 1478 500 1522 e
533 1460 676 1544 regione
703 1455 836 1520 mediae
862 1452 1070 1533 suffusionis,
1111 1459 1154 1528 be

139 1602 189 1646 ne
224 1601 290 1663 qua
321 1600 405 1647 vena
435 1554 601 1651 laedetur.
657 1577 777 1664 Neque
807 1591 922 1644 tamen
949 1577 1070 1644 timide
1096 1580 1154 1644 de·

139 1699 313 1764 mittenda
332 1695 400 1778 est,
428 1704 506 1784 quia
522 1704 613 1766 inani
634 1697 714 1764 loco
739 1704 922 1786 excipitur.
961 1698 1030 1770 *Ad
1050 1721 1151 1786 quem

138 1841 225 1912 oum
251 1832 388 1886 ventum
416 1815 482 1896 est,
521 1843 566 1886 ue
592 1820 816 1886 mediocriter
850 1819 987 1905 quidem
1020 1795 1151 1912 peritus

133 1938 216 2010 falti
248 1937 379 2036 potest,
420 1931 496 2028 quia
529 1947 700 2029 prementi
732 1940 818 2007 nihil
851 1949 1021 2010 renititur.
1079 1941 1149 2011 Ubi

135 2040 305 2130 vero‘eo
337 2073 475 2128 ventum
507 2057 574 2144 est,
613 2061 734 2132 leviter
766 2063 956 2131 inclinanda
992 2059 1040 2130 est
1068 2087 1147 2134 acus

133 2183 181 2249 ed
213 2180 318 2270 ipsam
344 2181 578 2252 suffusionem:
609 2185 799 2273 leviterque
824 2178 871 2253 ibi
898 2190 989 2255 uerti
1012 2198 1046 2251 et
1069 2207 1147 2272 pou·

129 2303 235 2371 latim
260 2325 332 2368 eum
357 2291 635 2374 deducereinsra
657 2287 834 2396 regionem
861 2309 1005 2396 pupillae
1029 2307 1147 2374 debet:

129 2430 198 2494 ubi
226 2427 349 2494 deinde
380 2450 454 2494 eam
487 2435 645 2506 transit,'
668 2427 904 2496 vehementius
929 2431 1086 2517 imprimi
1109 2443 1148 2496 ut

130 2547 301 2614 inferiori
327 2555 417 2636 parti
441 2547 569 2618 insidat.
619 2543 656 2616 St
682 2548 800 2624 haesit,
826 2541 911 2616 cura.
931 2548 1065 2637 expleta
1087 2545 1144 2616 est.
1258 2547 1262 2558 '

128 2669 177 2738 Si
204 2668 344 2736 subinde
366 2673 476 2751 redit,
503 2673 620 2738 eadem
647 2693 709 2744 acu
739 2676 846 2760 magis
872 2674 1083 2739 concidenda
1110 2687 1145 2740 et
1226 2762 1229 2774 ι

125 2799 170 2860 in
198 2791 313 2880 plures
341 2807 453 2880 partes
480 2791 664 2885 dissipanda
692 2789 759 2870 est,
786 2815 870 2877 quae
889 2791 1032 2880 singulae
1049 2805 1083 2858 et
1098 2792 1146 2882 saff

13 2987 14 3004 ξ
129 2915 236 2980 cilius
260 2913 455 2980 conduntur
479 2926 513 2979 et
537 2919 647 2981 minus
671 2913 737 2980 late
759 2911 924 2978 officiunt.
966 2905 1044 2978 Post
1059 2909 1176 3004 haeo'

127 3033 313 3102 educenda
343 3055 422 3116 ecus
453 3048 548 3111 recta
579 3031 649 3115 est,
686 3033 1024 3124 imponendumque,
1069 3031 1144 3100 lano

124 3155 231 3225 molli
260 3169 442 3244 exceptum
470 3163 525 3223 ovi
552 3155 662 3222 album
690 3169 724 3220 et
750 3154 865 3242 supra,
899 3157 990 3242 quod
1014 3151 1143 3220 infiam-

10 3329 11 3334 η
123 3280 322 3344 mationem
351 3285 508 3342 coitceat
536 3291 634 3364 etque
652 3282 707 3342 'ita
736 3277 1008 3346 devinciendum.
1064 3265 1143 3342 Post

122 3399 218 3468 haec
244 3421 331 3485 opus
358 3393 405 3464 est
432 3402 563 3482 quiete,
589 3400 809 3476 abstinentia,
842 3397 968 3463 lenium
994 3399 1144 3463 medica.

122 3533 332 3590 mentorum
365 3521 644 3591 munctionibus,
683 3521 780 3594 cibo,
820 3525 877 3604 qui
908 3512 1048 3608 postero
1084 3519 1141 3584 die

119 3645 207 3713 satis
234 3656 368 3714 mature
393 3643 510 3717 detur,
548 3647 698 3728 primum
729 3640 878 3726 liquido,
916 3663 959 3706 ne
985 3641 1140 3708 maxillae

118 3767 308 3848 laborent,
330 3763 459 3860 ¹deinde
483 3749 748 3828 inflammatione
776 3761 892 3836 finita,
921 3762 1000 3836 toli,
1033 3760 1140 3847 qualis
1352 3777 1355 3783 “

118 3893 161 3954 in
192 3881 390 3980 uulneribus
417 3881 520 3974 polita
553 3878 611 3949 est.
672 3881 804 3972 Quibus
830 3895 867 3949 ut
891 3887 1137 3970 aqua,qutique

118 4008 256 4074 diutius
281 4007 434 4088 bibatur,
456 4001 643 4076 necessario
668 4005 812 4075 accedit.

835 4237 873 4309 N.
