2826 4994
708 523 965 602 -56-

333 741 415 791 cum
438 725 592 790 tenuium
626 721 854 790 adiacentium
879 733 1074 790 concretum
1104 719 1216 786 babet
1236 715 1337 796 (orbi
1389 780 1394 811 ι

338 843 435 914 ouluo
460 841 638 923 ciliarisi)
670 844 906 932 palpebrarum
934 844 1022 908 ciliis
1048 843 1168 928 quood
1192 845 1338 906 directio·
1390 826 1394 847 '

337 983 416 1034 nem
454 963 604 1031 similem.
662 965 867 1052 Hippocrati
883 955 927 1050 ⁵⁴)
956 962 1039 1030 baec
1069 968 1212 1038 tunica,
1250 967 1340 1026 iuter·

336 1085 451 1153 medie
475 1081 496 1149 i.
521 1091 658 1154 tenuior
682 1085 785 1152 cudit.
844 1087 934 1150 intra
955 1085 1051 1150 illam
1070 1085 1155 1161 alia,
1191 1096 1231 1150 ut
1254 1081 1339 1147 Golo-

336 1229 406 1277 ητα
427 1209 512 1275 bene
535 1209 673 1278 adiicit,
699 1206 879 1276 recondita
903 1199 961 1272 est.

395 1331 398 1384 ἶ
442 1325 573 1396 Tunica
604 1314 1056 1415 οἷμφιβληστερουδῆς
1088 1325 1112 1390 i.
1144 1326 1338 1400 retiFormis‚

334 1451 512 1528 bretina,
546 1449 672 1514 eretis
698 1444 912 1514 similitudine
931 1453 978 1512 itu
1000 1447 1112 1526 dicta,
1144 1455 1294 1515 vitreum
1312 1457 1338 1510 et

339 1566 571 1663 crystallinum
596 1561 778 1634 humorem
806 1569 1003 1643 includens,
1031 1591 1095 1635 nec
1120 1571 1264 1644 colore¹
1288 1587 1338 1632 uec

337 1689 517 1760 substantia
542 1673 676 1758 tunicie
701 1687 837 1775 odfinis3
879 1692 934 1754 ubi
965 1695 1055 1755 euim
1080 1711 1098 1756 o
1125 1691 1275 1775 reliquis
1293 1689 1339 1752 ad·

335 1815 524 1880 lacentibus
557 1813 756 1889 disiuncto*
786 1815 951 1878 inunum
982 1811 1179 1878 acervulum
1215 1813 1339 1876 coniici-

337 1943 416 2009 tur,
451 1943 533 1998 tunc
554 1951 673 2000 revera
695 1933 827 1999 cerebri
846 1927 979 2020 partem
1004 1945 1206 2020 exemptam
1234 1930 1338 1996 refert.

335 2051 417 2120 Elui
440 2051 566 2120 utilitas
590 2049 643 2120 vel
666 2059 814 2120 inaximo
837 2049 884 2120 eti
907 2065 942 2120 et
967 2057 1153 2140 primaria,
1184 2059 1335 2140 quonium

336 2169 474 2242 humori
504 2180 612 2244 vitreo
646 2175 843 2242 alimentum
868 2154 1014 2242 advehit.
1069 2173 1234 2243 Artorius
1258 2179 1336 2240 enirn

332 2315 504 2384 venasque
530 2281 640 2364 multo
670 2298 864 2364 crebriores
888 2307 924 2364 et
944 2300 1093 2364 maiores
1118 2296 1225 2365 babet
1248 2315 1334 2383 quum

334 2415 538 2486 moleretur
567 2417 706 2505 poscere
730 2418 875 2484 videtur.

450 2537 614 2606 Tunicam
640 2541 907 2606 arachnoideam
932 2537 1166 2628 Herophilus,
1208 2551 1247 2606 ut
1273 2535 1334 2622 qui·
1360 2587 1363 2592 .
1397 2533 1398 2558 ¹

336 2655 416 2724 elem
447 2655 567 2748 Celsus
593 2657 719 2740 refert,
745 2664 876 2748 primus
904 2659 1078 2739 distinxit,
1100 2661 1333 2729 tenuisfimunu

334 2777 424 2846 lnlro
451 2801 569 2848 uveam
595 2781 775 2856 latentem,
817 2801 912 2867 quoe
933 2803 1016 2847 cavo
1055 2791 1210 2852 continet
1238 2775 1334 2866 quod·

336 2901 414 2968 dam
440 2901 533 2983 quod
560 2923 578 2967 a
600 2905 678 2968 vitri
705 2897 922 2968 similitudine
943 2890 1105 2978 iuiourbic
1127 2903 1269 2971 Graecis
1285 2919 1331 2962 vo

335 3033 443 3087 cetur.
510 3019 603 3088 illum
639 3025 751 3106 itaque
775 3045 839 3110 pro
873 3027 985 3088 tunica
1013 3023 1193 3116 hyaloiden
1222 3024 1328 3088 humo·

217 3137 222 3144 ’
332 3163 409 3209 rem
437 3147 582 3208 vitreum
609 3141 802 3210 includente
834 3149 914 3231 quin
941 3145 1100 3227 habeam,
1140 3149 1238 3237 plone
1269 3161 1329 3210 ooo

332 3259 457 3330 obium.
510 3259 677 3326 Similiter
706 3259 916 3346 Galenus⁵⁵)
944 3289 1078 3354 quoque
1106 3267 1254 3336 nostram
1281 3264 1328 3330 dc·

331 3381 469 3461 scribit,
508 3387 599 3448 iuter
632 3404 757 3473 corpus
786 3392 934 3488 vitreum
972 3404 1005 3456 et
1031 3389 1259 3486 crystallinum
1285 3391 1327 3450 5¹¹·

330 3505 423 3570 dicet
457 3514 491 3568 et
523 3527 600 3569 cum
635 3501 699 3570 telo
727 3527 924 3574 araneorum
953 3525 1008 3576 aut
1043 3519 1172 3582 cortice
1198 3497 1326 3579 subtilil-

328 3621 414 3690 limo
433 3645 534 3710 cepae
552 3626 697 3692 confort.
751 3627 888 3696 Dubius
911 3653 995 3700 vero
1013 3629 1150 3708 haereo,
1174 3637 1215 3700 od
1235 3643 1323 3717 quum

329 3744 511 3812 reserenda
538 3745 574 3812 lit
602 3753 742 3837 proprie
769 3748 810 3814 suc
838 3751 927 3817 dioto
953 3759 1085 3830 tunica,
1118 3745 1222 3840 χιτοίν
1244 3741 1323 3838 apud

328 3863 595 3955 Hippbcrocem:
611 3853 655 3947 5⁶)
685 3867 814 3954 χιτῶναι
839 3867 874 3939 δὲ
900 3871 1075 3962 καλέομεν,
1107 3864 1148 3941 ro*
1172 3863 1253 3942 ἐνεδν
1273 3857 1322 3938 ὅς’

334 3987 543 4010 -ῂΟ-Ι-

371 4063 392 4126 5
449 4057 503 4122 De
516 4058 575 4122 loc.
593 4058 626 4122 in
640 4060 726 4127 hom.
750 4061 830 4124 Sect.
846 4065 898 4127 tv.
920 4085 950 4130 ο.
973 4083 1005 4148 p.
1024 4062 1093 4131 138.

371 4170 391 4232 5
451 4163 505 4228 Do
521 4163 575 4226 usu
590 4183 670 4250 part.
691 4170 730 4231 X.
754 4191 782 4234 2.

370 4269 427 4352 56)
448 4265 503 4332 De
517 4291 602 4334 curn.
618 4287 650 4334 et
663 4294 712 4336 nr.
738 4275 771 4340 S.
786 4275 840 4337 111.
864 4297 892 4340 c.
907 4279 938 4344 6.
963 4297 996 4362 p·
1012 4281 1083 4364 249.
