2856 4998
691 435 971 556 ..iae-7·

331 657 404 740 lun
436 649 509 730 ast,
530 649 592 724 'ne
624 648 681 720 ael
716 669 762 718 ex
802 671 915 746 ungue
950 629 1078 736 aliquid
1117 645 1333 731 ueliu'duatun
1362 647 1365 654 ’

334 775 429 866 pund
461 772 691 844 exulceratum
725 775 785 840 uix
817 769 918 836 ullam
946 775 1087 857 recipiat
1113 767 1334 847 curationem,

335 897 389 969 eei
414 917 459 964 ex
484 892 609 982 augule
636 913 771 979 quoque
797 891 975 958 caruncula
1000 888 1236 964 abscindatur.
1260 911 1337 978 quaa

334 1013 357 1084 fi
395 1015 631 1088 vehementius
665 1018 786 1101 ungula
819 1011 977 1088 ducitur,
1011 1009 1172 1096 sequitur.
1233 1011 1336 1076 verua
1382 1031 1385 1042 ·

338 1153 423 1228 ergo
446 1137 560 1226 auguli
585 1133 661 1200 linia
689 1139 806 1218 utique
829 1131 1019 1200 noscendus
1044 1125 1109 1207 est,
1136 1133 1195 1215 qui
1222 1128 1280 1196 ubi
1299 1125 1336 1196 la·

336 1265 384 1331 iia
407 1255 578 1334 constitit,
614 1277 684 1332 nun
710 1261 853 1324 nimium
886 1254 1035 1322 adducto
1067 1273 1180 1340 ungue
1211 1247 1339 1337 scalpe12

336 1380 388 1456 lus
414 1375 625 1448 adhibendae
648 1371 716 1454 eti,
748 1373 873 1442 deiude
900 1375 1089 1440 excidenda
1111 1395 1150 1440 ee
1177 1373 1338 1438 membra*

338 1497 436 1574 nula,
462 1517 507 1567 ne
534 1498 685 1583 quidex
710 1496 832 1586 angulo
856 1495 1019 1562 laedatur.
1067 1493 1118 1562 Eu
1147 1495 1275 1561 deinde
1299 1511 1337 1557 ex

339 1619 441 1691 melle
465 1619 686 1692 linamentum
714 1617 961 1708 superdandum
986 1613 1055 1692 est,
1096 1616 1267 1707 supraque
1286 1616 1339 1680 lin·

339 1739 529 1811 acclamet
551 1739 789 1827 uut'spuagia,
813 1753 870 1806 aut
891 1738 963 1806 lena
982 1733 1132 1824 suecida;
1158 1741 1338 1827 proximis·

344 1879 411 1946 que
437 1861 559 1928 diebus
584 1854 797 1928 diducendus
823 1859 978 1944 quotidie
1000 1859 1118 1926 oculus
1144 1853 1213 1934 est,
1238 1851 1281 1924 na
1301 1861 1340 1922 ci·

343 1985 469 2053 catrico
494 1985 584 2046 inter
618 1977 651 2046 se
685 1981 864 2071 palpebrae
890 1981 1111 2068 giulinentur'.
1142 1975 1338 2067 ‘Siquidem

342 2099 381 2166 id
410 2119 545 2185 quoque
571 2109 711 2170 tertium
745 2099 934 2191 periculum
967 2099 1117 2176 accedit}
1157 2095 1338 2190 eodemque

343 2221 450 2296 modu
474 2220 697 2291 linamentum
723 2222 969 2310 imponendum
995 2244 1034 2292 ae
1055 2223 1231 2291 novissime
1255 2228 1338 2290 inun-

342 2345 493 2434 gendum
521 2343 691 2437 collyrio,
732 2367 804 2431 quo
836 2344 948 2412 ulcera
975 2346 1016 2412 ad
1050 2351 1246 2414 cicatricum
1271 2362 1337 2432 per·

345 2465 527 2544 ducuntur.
577 2461 651 2530 Sed
666 2485 705 2532 ea
728 2469 861 2534 curatio
877 2487 957 2534 vere
974 2457 1039 2536 else
1062 2467 1167 2534 debet
1182 2475 1336 2534 anteacta

342 2603 420 2654 ante
440 2571 612 2678 hyemem.
1209 2585 1214 2598 “

446 2737 596 2803 Eandem
621 2737 763 2803 curandi
789 2743 957 2808 rationem
989 2709 1232 2812 commendant
1257 2737 1336 2810 Pau·

346 2839 461 2936 sua‘⁸)
486 2869 520 2922 et
549 2857 696 2946 dicim
711 2845 760 2938 69)
799 2859 889 2953 Cass
892 2885 934 2930 ua
967 2862 1093 2954 duplex
1121 2867 1267 2964 pterygii
1289 2881 1335 2950 ge·

343 2995 407 3040 nun
433 2975 625 3042 constituit.
656 2983 826 3065 primum,
861 2987 994 3068 quoties
1018 2983 1158 3050 nervosa
1185 2984 1336 3070 quaedam

344 3099 530 3160 eminentia
571 3102 807 3166 coniunctivae
848 3100 1052 3182 adnascitur,
1096 3127 1179 3206 quae
1215 3106 1255 3170 ab
1288 3120 1335 3189 an·

344 3213 425 3302 gulo
452 3218 573 3281 maiori
606 3221 721 3282 oritur
751 3231 785 3284 et
813 3241 922 3306 usque
950 3223 991 3288 ad
1019 3243 1179 3290 corneam
1209 3241 1333 3318 progre-

345 3334 459 3418 ditum
491 3335 656 3416 alterum,
685 3363 788 3428 quum
812 3348 1028 3415 coniunctiva
1052 3348 1088 3409 in
1117 3343 1271 3412 callosum
1292 3353 1333 3406 tu·

344 3455 407 3520 beu
441 3455 626 3535 excrescit,
667 3481 735 3544 quo
774 3461 959 3550 piscatores
996 3469 1145 3530 maxime
1184 3433 1333 3536 insellari,

344 3577 437 3644 idem
470 3590 589 3644 auctor
622 3575 679 3645 est.
739 3583 784 3658 ld
811 3584 954 3652 alterum
987 3584 1025 3654 fit
1055 3593 1248 3682 pterygium
1272 3587 1332 3678 pin·

343 3718 409 3784 gne
434 3699 535 3764 nobis
558 3702 607 3762 ita
632 3699 772 3768 dictum.

340 3886 551 3912 —a

383 4033 441 4113 68)
462 4035 516 4097 Vl.
542 4041 589 4116 14.

383 4151 440 4232 69)
460 4151 530 4212 Vll.
546 4171 596 4217 uo.
615 4155 646 4220 5.
