2820 4994
542 417 821 487 ..„7....

150 591 198 654 in
235 580 393 668 oculis,
410 597 594 662 curantur,
617 582 779 670 liquidem
805 581 871 651 bos
892 551 1101 658 curationem
1125 592 1186 656 vix

50 694 54 702 ’
149 681 364 776 admittere
397 719 518 772 auctor
551 702 598 772 ett
628 688 869 796 Aeginam)
901 721 935 772 et
959 705 1083 776 aecius
1108 729 1185 796 per·

149 829 269 896 fecte
298 827 403 894 lauari
431 826 525 916 posse
551 840 660 914 negat.
709 825 843 896 Paulus
866 829 1014 914 denique
1037 828 1183 894 eundern

150 951 344 1016 medendi
377 950 520 1016 modum
554 949 734 1038 profitetur
767 971 806 1016 ac
834 949 960 1038 Celsus·
994 977 1044 998 -··
1092 944 1185 1016 Tae·

151 1093 278 1157 quam
309 1071 449 1136 dubium
475 1069 568 1136 oculi
594 1072 775 1148 morbum,
815 1070 994 1160 palpebrae
1026 1084 1061 1136 et
1090 1069 1185 1158 globi

148 1188 266 1258 oculi
295 1191 537 1257 carbunculum
563 1189 700 1276 indico;
728 1196 785 1278 qui
806 1189 982 1258 hodiernis
1010 1190 1053 1256 dc
1077 1191 1185 1256 rnedi-

133 1316 249 1394 ,cirra
278 1311 429 1378 ocularia
461 1317 653 1400 praeceptis
676 1324 732 1378 aut
753 1318 990 1400 ignotus,·aut
1014 1317 1101 1399 parti
1122 1307 1182 1400 ipfi

146 1431 307 1530 alienus
333 1433 398 1501 elic
421 1435 567 1502 videtur.
615 1430 840 1504 Nihilolecius
865 1449 978 1504 tamen
1006 1433 1126 1520 Celsus
1140 1424 1183 1512 ⁵²)

146 1574 192 1624 et
217 1555 290 1640 ‚atii
316 1555 512 1622 carbunculi
538 1567 691 1620 naturam
715 1560 849 1643 egregie
866 1552 1084 1644 perspiciunt,
1111 1575 1182 1622 me·

147 1679 283 1750 dendi
311 1679 451 1744 modurn
477 1688 592 1765 aptum
619 1674 760 1744 laudant
785 1689 820 1742 et
845 1679 929 1744 bene
947 1700 973 1746 a
997 1675 1179 1760 furunculo

147 1795 404 1887 distinguunt:
445 1783 567 1864 itaut
592 1800 649 1864 vix
674 1797 770 1864 credi
801 1796 917 1886 possit,
954 1797 1083 1888 priscos
1110 1818 1181 1868 car·

142 1920 358 1991 burroulum
397 1941 475 1984 cum
514 1918 581 1984 alio
623 1923 783 2006 quopiam
825 1925 909 1988 vitio
947 1917 1179 1986 commutasse.

145 2046 278 2126 flaua
306 2048 409 2130 igitur
436 2041 512 2108 rans
529 2041 663 2124 uquet,
687 2063 770 2108 num
789 2021 872 2108 runt
899 2040 993 2130 grou
1015 2041 1106 2110 ocur
1134 2045 1180 2108 vi·

141 2174 282 2242 tium,
310 2183 415 2230 uerus
436 2160 681 2238 carbunculus,
710 2175 768 2228 aut
793 2163 898 2230 modo
923 2159 1083 2232 abscessus
1105 2159 1179 2230 fue·

141 2294 207 2358 rit
221 2267 390 2352 'corneae
414 2305 458 2350 ex
482 2280 762 2372 inflammatione.

400 2436 431 2498 d.
471 2437 613 2500 Crithe
640 2456 685 2504 et¹
707 2435 945 2503 Cbalazion.
996 2465 1000 2476 ·

284 2590 317 2640 1.
342 2571 455 2640 Prima
477 2573 590 2663 κριθῆς
613 2571 748 2665 vestigia
770 2589 804 2642 et
833 2577 970 2662 quidem
993 2572 1174 2662 superioris

141 2699 353 2792 palpebrae
385 2702 419 2761 in
445 2695 669 2784 Hippocratis
696 2695 839 2764 Moscho
856 2689 896 2774 ⁵³)
931 2693 1083 2761 observo.
1131 2689 1177 2756 11·

141 2821 225 2889 lud
251 2816 457 2882 hordeulum
480 2823 517 2883 in
542 2817 812 2907 suppurationem
830 2822 981 2894 transiit,
1007 2831 1041 2881 et
1057 2818 1175 2900 quinto

142 2945 175 3012 f.
211 2938 319 3006 sexto
347 2939 402 3007 die
429 2961 512 3026 pure
537 2951 659 3028 erupto
687 2941 825 3006 morbus
853 2937 980 3005 solutus
1014 2937 1090 3002 fuit.
1124 2967 1177 2984 ··-

143 3068 200 3132 In
237 3061 399 3149 palpebra
425 3060 522 3150 super
549 3061 699 3148 pilorum
727 3061 840 3128 locum
862 3057 1076 3128 tuberculum
1101 3077 1176 3146 par·

143 3185 264 3256 vum‘
283 3179 439 3248 nascitur.
486 3173 632 3247 'Tunica
659 3183 838 3268 quiddam,
878 3183 970 3269 quod
996 3179 1176 3262 difficulter

146 3300 383 3380 maturescit,
406 3301 689 3391 comprehensum
714 3301 773 3370 est.
822 3305 860 3371 ld
880 3299 932 3373 vel
950 3307 1059 3374 calido
1078 3326 1175 3392 pane,

115 3442 119 3450 '
145 3425 220 3498 vel
252 3409 334 3490 cera
365 3422 505 3490 subinde
536 3423 692 3492 calefacta
718 3425 828 3494 foveri
861 3441 1022 3517 oportet,
1062 3428 1104 3494 fic
1130 3447 1174 3494 ne

144 3551 299 3620 nimius
320 3529 356 3648 is
375 3533 467 3612 calor
489 3544 543 3626 fit,
572 3546 626 3612 led
654 3547 752 3616 facile
778 3569 816 3616 ea
841 3565 936 3640 parte
960 3553 1170 3622 sustineatur.

145 3673 248 3742 Hac
284 3671 375 3738 enim
412 3673 549 3736 ratione
582 3668 677 3758 saepe
710 3673 957 3765 discutiuntur,
997 3683 1171 3750 interdum
