2866 4992
528 375 539 406 Ι

489 511 537 533 ““·”
587 507 670 548 ΧΙΙῘ
719 515 771 532 ···

120 657 336 740 inclarescit
365 663 465 747 meta
491 675 532 731 et
562 653 801 742 obversatur,
839 683 937 761 quae
971 661 1124 746 salutem

123 805 163 862 et
189 779 363 858 solatium
393 777 556 882 spondet
579 781 619 853 in
645 773 760 852 rebus
783 772 969 868 adver-fis,
1008 789 1048 862 in
1075 792 1125 866 se.

123 905 380 1002 cundia-uero
407 897 594 1000 uoiuptati
619 917 669 990 ,et
694 897 834 975 honori
864 904 1038 982 cumolos
1062 911 1123 986 ad-

124 1027 198 1112 dit,
238 1002 325 1101 alii's
358 1011 480 1094 sciolis
508 1010 670 1118 'ignotos
710 1003 828 1121 atque
865 1019 982 1122 plane
1019 1029 1126 1104 inex.

124 1147 295 1223 auditos!
330 1140 408 1216 Vos
436 1141 571 1240 igitur,
597 1141 833 1214 scientiarum
856 1131 1022 1249 otioque
1049 1154 1125 1229 vin.

126 1265 213 1342 culo
252 1264 429 1364 votisque
456 1259 597 1350 iisdem
632 1261 879 1347 coniunctos,
923 1273 1001 1342 Vos
1037 1297 1123 1348 con.

126 1407 254 1465 tentos
281 1383 340 1457 his
364 1385 457 1456 meis
484 1380 531 1453 de
556 1378 670 1455 oculo
696 1384 902 1483 priscorum
929 1386 1153 1492 suffragiis„

122 1507 248 1586 laetus
279 1527 318 1580 et
340 1501 468 1578 audax
494 1499 700 1604 alloquor„
729 1509 806 1577 Vos
834 1532 997 1607 qnorum
1023 1513 1125 1616 inge.

121 1635 228 1710 nium
251 1629 425 1732 fontes
413 1629 516 1730 ipsos
544 1621 784 1732 adgreditur,
823 1653 986 1728 quorum
1018 1663 1125 1715 mens

108 1751 268 1831 imbuta
295 1752 348 1826 est
374 1747 493 1824 literis
519 1749 731 1852 artiumque
759 1740 1004 1851 disciplinis
993 1785 1032 1831 rn
1036 1761 1125 1838 s-tru

124 1895 206 1960 cta,
247 1897 429 1980 qnorum
442 1857 618 1944 facundia
654 1875 719 1946 vix
751 1897 835 1946 cum
870 1858 1007 1950 inertia
1042 1891 1125 1956 mea

103 1983 248 2101 q‘potest
275 1993 458 2078 conferri,
487 1997 563 2068 Vo's
588 1997 718 2094 potine
744 1993 971 2110 experiundi
994 1998 1125 2077 volun·

123 2141 260 2202 tatem,
292 2142 404 2220 quam
421 2111 692 2217 perficiundis
688 2137 773 2214 pern
803 2134 842 2189 et
867 2117 1125 2219 imperfectam

125 2239 395 2316 amoenitatum
450 2233 747 2320 academicarum
799 2236 950 2341 prolem
1005 2267 1125 2330 meam

126 2351 347 2436 transversis
370 2343 492 2460 quast
514 2352 636 2430 oculis
669 2346 934 2444 confiderem,
974 2388 1047 2436 nec
1072 2362 1124 2438 di

110 2460 299 2558 'iudicetis
333 2478 497 2578 graviori
517 2457 705 2575 flagello,
745 2477 808 2550 se'd
838 2483 1032 2554 Varronis¹
1056 2457 1124 2556 illo

111 2578 297 2679 ‘contenti
314 2593 401 2672 fitis
428 2596 594 2700 mihique·
620 2581 796 2671 faveatis:
1173 2587 1176 2594 ’

167 2748 332 2872 ¹„Omina
347 2786 431 2856 scire
445 2783 665 2878 impossibile,
699 2808 804 2874 pauca
817 2808 901 2857 vero
915 2787 1089 2859 laudabile.
1099 2790 1123 2823 ‘⁶

144 3040 234 3116 »So
257 3038 299 3114 in
320 3033 531 3113 Museom.
551 3005 972 3138 Georgiae'dugustae,

194 3221 197 3225 -
296 3164 353 3235 die
371 3167 485 3259 altero
509 3165 751 3257 nsupauhal.
780 3162 887 3238 1815.
979 3205 984 3212 -
1015 3179 1018 3188 ’
1046 3209 1050 3216 ·
