2820 4994
674 523 726 558 -.-
783 457 956 584 ‚nf-

319 687 520 774 praeripit,·
538 679 596 750 sed
630 684 731 748 eliam
759 680 858 767 plane
890 688 1028 751 unicum
1055 682 1199 774 spondet
1229 689 1315 776 runi·

319 811 415 876 lium.
449 838 498 856 -
549 805 590 872 ln
615 802 686 893 ipio
713 802 975 890 [cilicetoeulo
1007 828 1253 896 nonnunquam,
1275 819 1328 872 ata

321 929 454 1004 lollitor
482 931 615 1001 troico,
656 923 721 992 five
752 931 868 1010 ruptis,
897 931 1233 1008 intusmerpbranis
1266 928 1317 992 oli·

321 1052 464 1137 quibus,
508 1046 571 1113 fiae
606 1047 748 1121 laxatis,
783 1060 818 1114 ct
855 1045 972 1120 fimilis
1005 1047 1109 1136 figura
1145 1053 1243 1116 acino
1273 1046 1327 1140 fit„

323 1173 414 1239 unde
440 1173 539 1235 etiam
567 1160 711 1232 Graecis
737 1157 950 1254 σταφῦλωμα
974 1185 1127 1246 vocaturi
1188 1168 1326 1250 Curatio⁸

319 1291 450 1378 'duplex
467 1282 530 1354 est:
565 1285 597 1372 r)
621 1288 662 1353 ad
688 1286 774 1376 iplas
799 1291 932 1358 radices
958 1312 1020 1378 per
1041 1269 1194 1363 mediam
1220 1303 1317 1356 trans·

321 1417 417 1483 luere
441 1434 502 1478 acu
529 1412 597 1476 duo
624 1408 694 1474 lina
719 1411 877 1490 ducente.
905 1473 908 1478 Α
936 1410 1069 1476 Deinde
1096 1412 1234 1492 alterius
1262 1410 1317 1474 lini

322 1539 391 1604 duo
424 1529 533 1624 capita
568 1555 613 1598 ex
645 1531 821 1621 superiore
854 1547 970 1622 porte,
1010 1529 1149 1604 alterius
1178 1507 1220 1597 εἰ
1243 1537 1323 1598 inte·

307 1631 417 1738 ⁴tiore
442 1651 651 1745 adstringere
676 1660 767 1720 inter
794 1654 846 1734 le,
890 1675 974 1738 quae
1000 1652 1160 1740 paularim
1185 1651 1316 1730 secando

320 1780 357 1846 id
384 1779 558 1844 excidunt.
614 1775 746 1842 Altera.
759 1779 793 1840 in
816 1772 946 1844 summe
972 1787 1068 1864 parte
1094 1776 1232 1854 eiusad
1258 1775 1315 1838 leo·

321 1897 441 1964 ticulae
478 1899 748 1984 magnitudinem
772 1895 972 1973 ¹excidere,
1012 1895 1137 1974 deinde
1174 1895 1316 1985 spodium

320 2033 379 2086 eut
421 2017 587 2082 cadmiam
628 2015 802 2083 infricare.
859 2017 1033 2084 Utrolibet
1074 2032 1191 2086 autem
1226 2017 1314 2093 ficto,

321 2140 432 2208 album
459 2145 515 2206 ovi
542 2137 617 2204 lana
639 2141 877 2228 excipiendum
906 2149 944 2206 et'
965 2141 1235 2228 imponendum,
1262 2158 1315 2226 po·

210 2335 213 2351 ¹
319 2258 453 2347 steaqoe
487 2281 613 2348 vapore
643 2280 747 2345 aquae
781 2261 907 2328 calidae
939 2262 1107 2332 fovendus
1143 2263 1259 2330 oculus
1286 2271 1314 2326 et

319 2383 452 2452 lenibus
477 2382 676 2469 unguendus
698 2379 755 2448 est.
846 2463 850 2470 Ι
974 2365 987 2442 s

345 2513 359 2588 j
423 2501 578 2571 Galenus
597 2497 644 2583 ⁷⁴)
670 2501 738 2569 hoc
765 2507 886 2572 vitium
906 2511 1008 2572 uveae'
1033 2501 1251 2593 egrelliooem
1265 2521 1314 2569 vo·

319 2637 394 2700 cat,
422 2644 507 2709 quae
535 2609 677 2715 quatudr
703 2623 779 2690 fieri
804 2626 931 2691 dieitur
956 2629 1086 2695 modis:
1122 2617 1164 2714 1)
1191 2627 1246 2691 ubi
1267 2641 1322 2710 pe.

319 2763 396 2811 rum
428 2746 624 2834 egreditur,
650 2759 733 2811 tunc
759 2739 921 2832 pustulam
950 2745 1056 2812 lolum
1083 2743 1210 2822 refert,
1234 2741 1323 2818 unde,

319 2865 441 2932 oculus
469 2870 554 2933 bene
578 2879 615 2932 et
634 2869 782 2932 discrete
807 2865 1035 2952 inspiciendus
1061 2861 1126 2943 est,
1157 2882 1191 2934 et
1212 2867 1314 2940 viden·

319 2986 421 3060 dum,
448 3006 489 3051 an
510 2985 664 3076 prolapsa
692 3003 770 3074 pars
796 2986 983 3066 concolor,
1010 2985 1119 3059 solum
1135 2985 1313 3077 apostenn3

316 3117 375 3176 au't
400 3109 572 3198 discolor,
607 3131 687 3177 vera
712 3113 773 3175 iris
800 3107 854 3188 fit,
894 3107 995 3194 quod*
1020 3115 1139 3176 virium
1177 3111 1312 3186 auctori·

316 3233 378 3296 bus
403 3229 542 3294 Definit.
569 3241 603 3295 et
626 3229 776 3319 isagoges
800 3227 1013 3314 μυωκέῷαλον
1033 3230 1148 3312 audit3
1187 3231 1225 3312 2)
1244 3233 1312 3298 alias

317 3347 423 3444 magis
445 3355 678 3438 promineret
704 3347 828 3438 egressa
854 3345 930 3414 latis
960 3349 1152 3436 perspicua3
1197 3349 1235 3432 5)
1252 3365 1313 3418 tao·
1393 3413 1394 3442 p

199 3541 204 3549 ,
316 3486 390 3540 tum
417 3471 614 3560 egreditar,
646 3484 683 3535 ut
709 3471 888 3559 palpebrae
918 3474 1028 3536 min-us
1054 3476 1261 3556 praevaleant
1283 3483 1312 3536 et

294 3597 393 3676 ,cilia
419 3599 601 3682 pungentia
621 3595 846 3660 connivendo
863 3592 1022 3658 dolorem
1043 3594 1204 3669 inferant,
1219 3592 1313 3680 „quod

317 3722 435 3786 vitium
462 3713 561 3800 μῆλον
587 3727 749 3791 vocatur3
797 3713 835 3798 4)
869 3701 1044 3800 γοᾛμφοςῖ
1071 3715 1203 3789 clavus,
1238 3716 1312 3781 loni·

216 3855 219 3864 ’
318 3858 378 3903 coc
402 3812 579 3901 dehilcuot
605 3850 640 3900 et
663 3857 794 3903 uveam
803 3840 983 3924 operiunt,
1010 3837 1102 3914 unde
1122 3843 1195 3904 eius
1210 3831 1311 3900 forna

316 3956 447 4024 clavom
482 3954 554 4021 fere
588 3954 707 4022 refert.
738 3985 790 4006 -
839 3955 951 4026 Folius
979 3972 1150 4026 caeterum
1176 3955 1312 4022 curatio·

357 4204 414 4281 74)
434 4199 489 4264 De
502 4201 610 4280 oculo,
631 4225 661 4287 p.
676 4204 748 4286 375.
