2820 4994
681 500 960 592 *148*

318 712 414 769 reete
441 719 498 766 eas
518 693 623 764 lineas
643 695 697 790 'ad
722 707 886 785 tempora
908 697 1129 777 diducerent,
1169 703 1315 788 cognitis·

321 800 387 910 que
414 843 458 888 ex
485 835 585 888 motu
611 817 825 909 maxillarum
853 819 1090 904 musculorum
1118 817 1316 896 initiisole·⁴

235 936 238 941 ¹
319 951 407 1014 viter
435 944 534 1034 super
563 961 623 1008 eos
644 913 757 1030 butem
783 943 1000 1019 inciderent,
1025 943 1241 1026 indoctisque
1262 957 1316 1026 per

320 1061 455 1132 retusos
481 1062 603 1130 hamos
630 1065 701 1128 oris
727 1059 915 1152 insererent
940 1063 1136 1141 linamenta,
1162 1074 1202 1127 ut
1218 1078 1318 1142 nequo

319 1190 412 1253 inter
433 1183 471 1282 sd
491 1187 585 1277 ncutis
607 1186 738 1267 antiqui
765 1157 848 1252 fines
868 1187 1198 1264 ‚committerentun
1232 1192 1265 1268 et
1285 1183 1317 1243 in

320 1307 440 1396 madio
468 1324 548 1370 caro
576 1301 802 1376 incresceret,
830 1295 915 1391 quae
941 1311 1040 1377 uenas
1063 1325 1111 1374 ex
1131 1298 1317 1391 quibushu·
1364 1347 1366 1354 .

321 1446 402 1494 mor
439 1426 480 1490 ad
519 1423 636 1490 oculus
674 1429 856 1504 transiret,
888 1419 1123 1513 adstringeret.
1182 1419 1318 1513 Quidam
1398 1407 1399 1410 ¹

323 1553 423 1616 etiam
458 1557 651 1634 atramento
675 1545 904 1640 ‘'duasstlinaas
941 1546 1130 1622 duxerunt,
1152 1565 1187 1612 ¹a
1219 1541 1319 1612 media

323 1689 405 1735 aure
428 1641 472 1731 ad
500 1668 647 1762 medium
675 1661 812 1730 alteram
841 1687 998 1746 aurem,
1006 1665 1131 1730 deiude
1154 1683 1173 1728 a
1193 1663 1319 1729 naribus

323 1790 364 1856 ad
403 1755 579 1854 verticem.
644 1781 738 1876 Turn
775 1789 831 1852 ubi
872 1787 983 1852 lineae
1017 1785 1318 1854 committebantur,

323 1875 492 2006 scalpello
505 1874 700 1972 inciderunt
723 1918 757 1972 et
781 1904 858 1996 post
885 1907 1042 1996 sanguine
1067 1903 1162 1981 suso,
1205 1925 1243 1972 os
1268 1901 1322 1966 ibi·

325 2029 404 2095 dem
433 2023 640 2092 adusserant.
689 2021 923 2102 Nihilominus
950 2042 1060 2095 autem
1086 2041 1121 2094 et
1137 2032 1176 2093 in
1202 2037 1323 2110 tempo·

325 2148 421 2216 ribus
455 2158 489 2210 et
523 2151 612 2240 inter
636 2127 793 2211 ¹frontem
826 2161 862 2234 et
895 2148 1070 2216 calvariam
1104 2145 1320 2221 eminentibus

326 2271 436 2370 venis
445 2267 538 2368 idern
556 2267 705 2362 candens
723 2265 853 2334 serrum
874 2270 1113 2338 admoverunt.
1163 2267 1322 2350 Frequens

328 2391 459 2457 curatio
484 2381 552 2462 est,
580 2406 680 2453 venas
703 2391 739 2451 iu
766 2391 984 2477 temporibus
1006 2391 1172 2465 adurere,
1200 2403 1322 2471 quaero

328 2495 498 2576 eiusmodi
531 2506 621 2573 malo
656 2513 763 2604 magis
798 2522 934 2578 tumere
966 2509 1103 2586 solent,
1114 2511 1261 2574 cervice
1284 2517 1323 2568 ta·

328 2609 409 2696 rnen
436 2640 513 2693 ante
538 2628 675 2693 modice
701 2627 865 2725 deligata:¹
899 2633 1123 2716 tenuibusque
1149 2630 1326 2710 ferramen-¹

234 2725 240 2732 ’
327 2754 373 2842 tis
407 2761 442 2814 et
475 2745 591 2814 retufis
627 2769 731 2815 venae
766 2751 980 2828 adurendae,
1019 2753 1131 2818 donec
1158 2757 1195 2819 in
1227 2749 1324 2818 oculis

244 2875 246 2880 ’
327 2869 616 2961 pituitaecursus
643 2871 869 2958 conquiescat·
926 2874 1103 2952 Valentior
1126 2883 1240 2944 tarn'en
1263 2891 1324 2936 rue·

330 2990 443 3056 diuina
466 2985 534 3070 est,
561 2994 617 3056 ubi
643 3003 763 3060 tenues
790 2994 1016 3080 conditaeque
1043 3017 1162 3071 uenae,
1188 2997 1325 3076 ideoque

288 3147 294 3162 ι
329 3109 397 3196 legi
423 3085 508 3214 no'n¹
519 3111 665 3204 possunt.
725 3112 856 3181 Eodem
883 3101 990 3194 modo
1017 3122 1150 3188 ceruice
1183 3116 1325 3202 deligata,

321 3241 537 3316 ¹retentoque
562 3233 602 3296 ab
629 3232 702 3320 ipso
728 3232 865 3322 spiritu,
904 3258 971 3320 quo
998 3242 1105 3324 magis
1130 3256 1232 3303 venae
1256 3253 1326 3322 pro·

332 3350 453 3428 deant,
494 3364 683 3419 atramento
719 3376 775 3420 eas
805 3342 927 3422 notare
962 3369 1081 3422 contra
1110 3369 1267 3445 tempora
1296 3363 1326 3418 et

331 3473 424 3536 inter
457 3477 624 3570 cervicem
659 3495 698 3538 ac
730 3475 913 3558 frontem,
939 3478 1064 3543 deinde
1090 3485 1223 3546 cervice
1248 3471 1326 3555 reso·

331 3588 425 3699 luta,
469 3591 551 3676 quae
577 3608 677 3696 notae
705 3594 797 3672 sunt,
840 3612 941 3690 venas
969 3603 1124 3676 incidere
1150 3614 1187 3676 et¹
1211 3598 1326 3686 sangui·

332 3735 412 3780 nem
442 3719 592 3783 mittere
639 3717 712 3792 Ubi
738 3718 812 3786 latis
836 3711 953 3800 fluxit,
980 3725 1137 3788 tenuibus
1152 3722 1326 3786 serrameu

333 3836 380 3900 tis
406 3837 561 3902 adurere.
612 3838 742 3905 Contra
770 3853 927 3928 tempora
955 3843 1111 3926 quidem,
1139 3846 1269 3922 timide,
1289 3860 1325 3905 no

333 3924 472 4022 subiecti
501 3958 658 4051 musculi,
684 3967 740 4048 qui
765 3961 916 4027 maxillas
941 3973 1077 4036 tenent,
1104 3961 1260 4041 sentiant3
1282 3964 1326 4023 in·

333 4086 388 4140 ter
412 4069 563 4142 frontem
592 4102 675 4146 vero
703 4094 737 4145 et
764 4088 948 4158 verticem,
975 4081 1212 4158 vehementer,
1233 4092 1268 4146 ut
1289 4073 1326 4140 fio

333 4194 467 4290 squama
498 4201 540 4264 ab
575 4200 646 4268 olle
675 4207 824 4273 recedat.
883 4203 1064 4296 Efficacior
1085 4217 1197 4294 tamen
1222 4206 1325 4268 etiam·
