2866 4992
638 447 693 478 Ι·
743 438 830 486 vm
879 442 932 472 ¹¹¹·

270 579 452 699 nruertmt
484 591 621 686 rivuli,
668 618 768 699 qros
798 617 851 669 ne
877 617 1016 670 manca
1039 589 1224 670 evaderet
1253 612 1294 672 ot

287 725 423 802 rimosa
439 721 497 798 his
494 723 612 805 toria,
639 719 789 798 minime
807 709 906 795 sicco
930 713 1156 820 pedepotui
1173 737 1296 793 mona·
1421 725 1422 782 s

287 846 363 937 ire3
395 863 435 920 et
454 848 523 920 eus
550 843 605 917 ita
627 838 716 916 dum
737 862 893 915 urceum
914 834 1084 923 molitus,
1109 835 1211 938 vasta
1230 862 1297 910 ex·

288 905 396 1042 cessit
420 961 622 1067 amphora!
649 991 697 1022 ⁶·-
724 959 920 1036 Prorsus‘
910 955 1026 1062 igitur
1052 981 1103 1034 ex
1127 933 1300 1038 observa.

204 1171 208 1190 ι
283 1087 439 1162 tionum
465 1109 611 1190 penore
635 1085 679 1160 in
699 1079 921 1158 adversariis
945 1067 1267 1164 adnoteturumf
1257 1105 1299 1156 ιιι

288 1201 367 1282 hoc
396 1205 530 1316 libello
561 1206 648 1286 illae
675 1199 948 1313 potissimum
938 1229 994 1280 m
1012 1200 1177 1278 medium
1212 1228 1300 1304 pro·
1421 1231 1422 1314 ]

290 1327 429 1410 serre
418 1358 458 1408 m
462 1332 582 1418 stitui,
615 1353 715 1433 quae
741 1325 944 1430 reliquias
942 1328 1018 1403 citu
1044 1326 1132 1402 sunt
1153 1322 1300 1424 dignio-

290 1475 356 1528 res
382 1471 566 1529 ettotam
593 1451 787 1525 materiem
810 1452 862 1524 ita
886 1445 1059 1550 eripedii,
1088 1469 1130 1522 ut
1146 1449 1299 1550 postero
1421 1479 1422 1518 ι

291 1587 467 1674 tempore
490 1572 588 1648 alius
612 1569 706 1676 quid
729 1568 888 1656 habeat,
914 1567 1020 1644 unde
1039 1570 1164 1652 sumat.
1214 1572 1302 1642 Hoc

294 1695 398 1768 enim
422 1718 493 1796 per
520 1696 679 1768 saturem
706 1690 850 1793 digesto
876 1693 1076 1790 specimine
1099 1692 1303 1792 peritiores

269 1809 411 1906 ‚malui
441 1817 483 1890 in
515 1813 617 1888 hanc
647 1813 840 1888 materiem
872 1814 1055 1896 invitare,
1095 1813 1303 1914 priscorum

294 1957 388 2011 vero
414 1933 591 2010 immensa
612 1939 748 2010 merita
771 1938 909 2009 iterum
933 1935 974 2008 in
1000 1935 1214 2008 memoriam
1239 1960 1307 2008 vo·

295 2064 403 2138 cere.
446 2073 486 2136 et
513 2081 564 2130 ex
592 2057 659 2130 ista
683 2059 794 2162 potis
768 2050 912 2130 ssimum
937 2057 1048 2130 causa
1074 2053 1306 2156 opusculum

295 2199 382 2250 cum
410 2172 656 2274 συντάγματος
691 2176 805 2253 mulo
832 2202 853 2250 e
887 2199 1000 2252 manu
1034 2161 1130 2261 mist,
1171 2203 1221 2280 ne
1247 2176 1307 2254 issi

297 2298 364 2399 qui
391 2300 543 2399 gravius
577 2297 783 2374 diiudicare
812 2297 936 2374 solent
960 2297 1139 2374 iuvenilia
1174 2275 1306 2388 studia,

175 2519 179 2530 ι
297 2415 466 2498 habeant
492 2423 533 2496 in
563 2419 632 2496 islo
660 2421 751 2525 quid
783 2418 1025 2523 vituperandi
1050 2436 1097 2494 etv
1112 2421 1308 2524 carpendi.

296 2531 498 2618 Lubenter
521 2545 621 2618 enim
647 2535 764 2618 aetati
789 2535 870 2618 stuc
896 2565 1021 2624 meae,
1047 2539 1133 2616 vesa
1155 2562 1310 2618 contra·

296 2661 415 2739 hendi
462 2666 668 2768 cristasque
716 2662 976 2764 componendi
1023 2681 1063 2738 et
1110 2661 1306 2742 submissus

296 2781 458 2858 aliorum
499 2783 677 2886 exempla
713 2782 911 2859 doctrinae
946 2781 1117 2884 perfecta
1150 2786 1309 2862 intueor

298 2901 606 3006 obstupefactus,
647 2903 791 3008 iliaque
828 2899 955 2982 εἴδωλα
994 2903 1042 2980 ad
1079 2904 1308 2988 imitandum

297 3025 507 3130 persequor
527 3026 650 3111 votis,
690 3034 964 3130 Ciceronisque
989 3028 1031 3102 in
1056 3029 1207 3101 Catone
1225 3033 1309 3104 Ma·

298 3144 404 3230 iore,
451 3170 570 3221 aureo
609 3165 833 3248 contentum
874 3172 934 3222 me
964 3145 1162 3223 consolor:
1204 3173 1310 3234 „ver

300 3279 481 3370 tanquam
523 3263 816 3344 adolescentiam
855 3262 1065 3368 significare
1106 3287 1146 3344 et
1185 3271 1309 3348 osteu-

300 3382 393 3462 dere
416 3385 569 3462 fructus
604 3387 757 3463 futuros
787 3386 1004 3492 etreliqua
1034 3408 1208 3490 tempora
1242 3389 1308 3464 de-

301 3504 491 3582 metendis
526 3489 821 3608 perfectioribus
857 3509 1046 3586 fructibus
1074 3531 1113 3584 et
1145 3513 1310 3612 percipi·

300 3623 411 3702 endis
438 3627 803 3704 accommodata'ss
738 3633 821 3708 esse
858 3643 934 3694 ⁶-
843 3630 1061 3735 ‘Quod
1086 3657 1202 3736 quum
1221 3657 1309 3733 per·

299 3746 467 3846 spectum
501 3689 857 3853 consideratumque
889 3750 1069 3836 habeam,
1108 3777 1222 3826 nemo
1246 3777 1310 3828 me

299 3868 340 3942 in
366 3865 443 3943 hoc
468 3866 600 3944 aliisve
629 3872 775 3972 scriptis
801 3892 930 3948 teneat
962 3866 1107 3948 ventosi
1132 3899 1309 3978 cuppam·

300 3997 439 4078 λειιίκιις
474 3990 637 4068 Plautini
669 3996 915 4098 imitatorem,
956 3996 1023 4096 qui
1056 3998 1309 4093 magnoforis

302 4111 411 4226 hiatu
435 4112 558 4194 musta
583 4139 796 4222 moguaque
821 4118 1011 4220 promittit
1035 4136 1076 4192 et
1098 4115 1311 4219 improvida
