2910 4978
484 389 661 522 {¹253
711 483 765 504 -··

109 651 233 739 giucm
257 649 397 724 attibet,
437 601 496 710 illa
528 641 599 710 lota
629 591 735 709 licut!
743 595 892 718 cadmia,
918 587 975 706 ed
1002 637 1129 736 oculo

110 791 190 834 rum
217 772 299 834 vitia
319 765 472 860 faganda
507 785 644 851 quoque
669 762 796 853 apud
785 777 917 830 veteres
944 756 1124 828 adbibeba
1207 829 1211 839 ,

110 879 181 956 tur.
230 871 364 958 Plinius
401 889 491 951 enim
522 873 609 966 (54.
634 880 720 963 26.)
704 880 795 963 >ex
827 873 1111 967 Dioscoride(V
1111 917 1121 936 .

114 1007 201 1099 92.)
236 1011 292 1096 qui
325 997 367 1072 ad
401 1011 579 1112 cicatrices
609 1005 832 1074 attenuandos
861 999 998 1082 adhibet
1026 1018 1125 1100 aeru3

113 1138 231 1224 ginem
253 1129 303 1194 illi
331 1129 398 1195 vim
437 1127 592 1220 collyriis
620 1125 801 1196 oculorum
819 1121 1046 1211 (aptilfimam'
1065 1115 1124 1182 ad·

113 1266 306 1340 numerat„
333 1221 677 1340 delacrymatiopibus
714 1246 908 1314 mordendo
943 1239 1124 1332 proficien·
1192 1311 1195 1319 Α

113 1387 199 1440 tem.
259 1375 299 1439 ln
325 1373 495 1466 aeruginis
522 1365 579 1434 usu
560 1389 689 1433 uvero
717 1364 960 1462 observapdum
988 1361 1123 1468 praedie
1246 1389 1248 1394 v

115 1507 171 1559 cat
195 1507 233 1558 ut
241 1489 422 1601 penicillis
447 1489 570 1562 calidis
597 1488 771 1562 abluatur,
797 1488 906 1575 dopec
922 1485 1047 1570 rodere
1065 1484 1123 1548 de·

115 1614 204 1682 linat.
241 1590 358 1702 Apud
386 1609 558 1676 Galerium
585 1624 618 1675 et
644 1607 778 1706 Celsum
806 1629 943 1696 quoque
969 1607 1123 1712 aerugini

114 1735 188 1803 laus
215 1756 335 1822 magna
360 1740 451 1800 inter
478 1731 722 1823 ophthalmica.
768 1765 771 1774 =

218 1896 373 1965 Ferrum.
422 1895 601 1984 Magnetes
613 1917 669 1959 -ex
685 1891 872 1981 Aethiopia
891 1887 998 1958 oculis
1016 1883 1123 1973 prod-

118 2014 187 2095 est,
214 2027 365 2084 maxime
385 2038 468 2086 vero
495 2014 684 2104 epiphoras
702 2009 792 2081 sistit.
834 2007 998 2084 Parmos.
1016 2001 1076 2073 25.

222 2467 329 2555 Aqua.
382 2463 505 2552 Aquae
542 2465 684 2533 effectus
716 2467 887 2534 veteribus
913 2487 932 2533 a
956 2466 1125 2559 vetuffisli-

121 2594 188 2656 mis
213 2592 294 2653 inde
322 2591 531 2676 temporibus
557 2588 688 2666 illuxit,
719 2595 850 2658 eteius
878 2597 1021 2659 virtutes
1048 2604 1125 2664 et'a

119 2689 232 2802 poetis
259 2693 294 2777 εἰ
323 2730 342 2772 a
373 2709 516 2787 medicis
550 2713 687 2797 egregie
717 2709 940 2779 celebrantur.
1004 2712 1126 2801 Aquae

120 2833 236 2900 laudes
265 2843 299 2896 et
332 2828 376 2894 de
401 2833 501 2894 variis
537 2828 709 2916 speciebus
734 2837 915 2923 opiniones
944 2850 1123 2901 auctorum
1247 2843 1271 2904 ’.

122 2947 372 3026 Athenaeus(
356 2947 505 3038 (Πειρη.
528 2951 570 3014 11.
597 2975 629 3017 2.
662 2977 696 3041 p.
720 2949 805 3034 45.)
841 2969 874 3020 et
905 2956 1026 3044 Celsus
1057 2956 1125 3034 (de

122 3073 218 3140 Med.
253 3071 295 3136 11.
331 3071 387 3136 18.
419 3095 451 3160 p·
480 3067 588 3153 213.)
621 3072 713 3140 ulum
744 3077 914 3143 medicum
946 3073 1124 3160 illustrant·

122 3193 262 3262 Diocles
287 3197 354 3258 iam
381 3189 571 3271 constituit,
600 3217 718 3282 aquam
746 3203 896 3266 coctioni
921 3197 1126 3284 utilemesle

2 3387 3 3392 γ
124 3326 159 3382 et
177 3312 288 3396 ,visum
315 3311 456 3388 acuere,
481 3336 544 3380 nec
571 3331 671 3404 caput
697 3339 853 3396 onerare,
879 3317 1153 3408 et'Hippocra·,

124 3455 178 3504 tes
205 3432 329 3512 (Coae.
355 3446 506 3524 praenot.
536 3436 577 3503 V.
602 3463 635 3526 p.
656 3437 763 3532 ι64.)
790 3461 911 3525 aquam
937 3444 1123 3538 potabilem
1146 3491 1150 3498 ·

124 3556 295 3622 modicam
328 3576 405 3620 cum
434 3553 573 3644 spongia
604 3559 645 3623 ad
671 3559 789 3626 oculos
823 3569 988 3649 optimam
1013 3565 1126 3632 habet.

107 3677 164 3768 ⁴1d
189 3690 301 3740 autem
333 3696 404 3739 non
434 3673 530 3748 latis,
573 3673 736 3762 aquarum
766 3683 1009 3778 medicalarum
1044 3687 1127 3753 effe·

2 3861 3 3868 ,
125 3813 217 3864 ctum
245 3791 281 3859 in
308 3794 487 3861 oculorum
514 3799 717 3864 medicinam
744 3806 844 3869 etiam
871 3787 1128 3886 transtulerunt,

28 3953 31 3958 ·
125 3933 159 3986 et
185 3917 335 3986 Plinius
348 3913 430 3990 (5ο.
451 3913 504 3996 ι.)
531 3915 771 3988 Ciceronianae
789 3947 888 4012 aquas
907 3930 1014 3994 oculis
1034 3951 1126 4018 prae·

106 4033 247 4128 'primis
275 4040 426 4113 mederi,
451 4049 568 4104 auctor
595 4037 652 4106 est.
713 4043 766 4109 De
785 4043 860 4112 boc
887 4047 1037 4115 veroT.
1073 4047 1127 4116 Ci-

2 4243 3 4246 ι
125 4166 260 4229 ceronis
287 4159 405 4244 fonte,
439 4156 631 4251 Istumne(
643 4161 731 4227 liii.
763 4161 998 4248 reinherius
1026 4176 1128 4236 verba

1268 607 1275 648 l
