2910 4978
723 518 897 633 -1'70
949 577 1002 596 -··
1095 640 1098 646 Ι

361 731 443 802 dum
466 727 686 816 Aristotelem
700 719 748 836 ¹⁴⁵)
773 742 808 795 et
833 729 999 806 Plinium,
1014 715 1065 809 ⁴⁶)
1097 700 1250 798 'a'rolatu
1270 738 1348 817 rapi·

362 854 493 922 dilfimo
517 856 552 917 in
578 855 680 917 maris
710 851 817 916 undas
847 852 955 927 dicta,
988 865 1024 918 et
1045 855 1230 924 ‘vernacula
1257 858 1349 920 deno·

361 980 525 1052 minatio,
553 973 664 1066 Staar,
692 971 909 1038 nihilosecius
936 979 1035 1042 eiiam
1054 986 1176 1041 notam
1196 997 1351 1062 avemap·
1419 993 1420 1050 i

362 1095 486 1196 pellat,
516 1087 784 1158 uollraetainen
809 1093 942 1179 linguae
968 1117 1114 1170 nomen,
1154 1100 1293 1158 minime
1313 1113 1351 1157 ex
1419 1091 1420 1098 '

363 1226 547 1284 cataractae
569 1210 724 1300 perversa
751 1217 1033 1301 interpretatione
1056 1213 1254 1279 translatum
1277 1215 1358 1277 aeci*

361 1336 526 1429 piendum
551 1329 610 1398 est.
662 1331 893 1424 Quod'igirur
917 1357 1020 1419 quum
1044 1335 1207 1413 dubium,
1230 1356 1290 1398 nec
1305 1332 1352 1397 de·

363 1464 486 1528 rivatio
512 1468 547 1521 et
576 1452 667 1519 causa
693 1459 842 1520 nominis
866 1469 946 1521 nota
976 1455 1032 1528 sn,
1062 1453 1121 1521 en!
1152 1477 1216 1520 cur
1239 1456 1281 1518 de
1303 1476 1352 1518 no·

362 1574 462 1646 straev
488 1575 619 1661 linguae
658 1578 939 1644 denominatione
972 1583 1136 1643 retineam
1169 1577 1352 1665 singularem
1420 1595 1421 1606 ¹

363 1693 582 1792 hypothefiu,
618 1717 704 1780 quae
727 1709 765 1762 ut
792 1698 927 1762 credam
955 1721 1010 1763 me
1031 1697 1207 1786 impellit,
1232 1693 1353 1765 nostrae

363 1813 562 1900 vernaculae
586 1814 685 1882 huius
708 1819 787 1912 litii
809 1824 905 1883 vocis
934 1787 1089 1906 ineptae,
1131 1823 1300 1907 originem
1324 1822 1352 1881 io

362 1940 431 2027 ipsa
457 1937 584 2004 Tobiae
607 1958 651 2001 ex
673 1936 866 2026 paralampli
888 1943 1047 2004 caecitate
1070 1952 1103 2004 et
1126 1939 1171 2006 de
1197 1961 1235 2005 ea
1256 1935 1356 2027 lupers'

359 2042 502 2134 ¹stitione
531 2040 621 2122 fitam
659 2056 722 2121 eise
756 2070 790 2122 et
825 2059 911 2123 hauc
940 2060 982 2123 ad
1010 2057 1101 2124 illam
1130 2059 1242 2125 aniam
1272 2081 1354 2148 prae·
1421 2105 1422 2130 ,

364 2180 481 2249 buille·
542 2177 669 2244 Tobios
686 2170 731 2258 ⁴⁷)
756 2176 884 2244 scilicet
913 2179 1114 2268 defatigatus
1138 2203 1185 2246 ex
1207 2189 1353 2268 quopiam

364 2309 508 2374 itinere,
539 2301 634 2370 dorni
661 2299 791 2376 redux,
817 2304 911 2367 iuxta
934 2302 1099 2368 domicilii
1122 2309 1286 2392 parietem
1307 2304 1354 2367 de·

366 2405 494 2492 cumliit
516 2435 552 2487 et
574 2421 722 2494 dormit,
738 2407 741 2414 ¹
760 2425 849 2486 inter
865 2420 1027 2488 'somnum
1051 2443 1132 2488 vero
1158 2429 1230 2491 avis
1253 2425 1355 2488 dome·

365 2541 448 2623 stica
472 2542 600 2610 stercus
626 2541 796 2608 fervidum
823 2543 972 2610 demittit
991 2549 1026 2608 in
1051 2551 1121 2612 eius
1144 2545 1285 2623 oculos,
1319 2563 1355 2608 ex

367 2691 440 2758 quo
460 2670 660 2732 obcaecatus
685 2658 742 2728 est.
776 2668 837 2710 -’
873 2662 974 2730 Atavi
1006 2651 1114 2730 iostri
1137 2672 1172 2731 in
1203 2669 1297 2733 libris
1320 2662 1355 2726 la·

367 2793 435 2856 cris
462 2783 613 2874 legendis
645 2781 761 2860 (unici
786 2787 877 2848 enim
901 2784 1037 2864 erant),
1078 2785 1270 2870 aequalibus
1291 2781 1354 2848 dili·

366 2907 560 2992 gentiores,
598 2903 725 2972 Tobiae
747 2910 940 2990 caecitatem
968 2903 1032 2969 siue
1065 2907 1171 2972 dubio
1194 2906 1354 2972 intellexe-

366 3037 469 3101 ruut,
495 3037 529 3088 et
545 3028 688 3099 vitium,
716 3025 808 3110 quod
822 3025 889 3092 illis
907 3047 1042 3110 quoque
1060 3030 1354 3116 temporibusocu·

367 3141 420 3210 los
444 3137 601 3208 infestare
624 3142 767 3220 solebat,
790 3131 941 3212 noudum
967 3128 1242 3222 denominatum,
1275 3165 1354 3210 noro

367 3266 510 3330 nomine
531 3266 572 3328 ab
597 3286 657 3331 ave
680 3259 733 3330 illa
756 3265 885 3342 sumto,
924 3288 967 3330 ex
997 3287 1060 3349 qua
1089 3263 1221 3334 Tobios
1251 3281 1356 3334 caecus

264 3435 269 3442 -
357 3377 400 3451 Δῐιε
424 3383 622 3472 profitetur,
646 3384 755 3450 forsan
779 3407 823 3449 ex
845 3384 928 3450 mala
951 3390 1234 3471 interpretatione
1253 3388 1287 3449 in
1306 3405 1356 3448 uo·

367 3505 468 3575 stram
487 3505 653 3592 linguam,
678 3505 915 3602 infigniverunt
938 3519 973 3570 et
995 3504 1131 3570 fimilem
1159 3508 1271 3569 morbi
1293 3524 1355 3568 cau·

353 3625 434 3712 ,lam
455 3621 691 3693 adhibuerunt.
739 3625 849 3692 Auem
875 3625 964 3692 illam
990 3629 1149 3710 quidem,
1172 3623 1355 3692 certiusde·

318 3796 322 3806 .
367 3747 468 3814 finire
487 3764 556 3810 non
579 3747 708 3826 audeo,
736 3759 809 3812 erat
831 3757 941 3814 autem
964 3742 1147 3816 secundum
1164 3745 1266 3812 LXX.
1279 3743 1356 3810 idio·
