2866 4992
661 430 908 479 numu-

289 580 531 662 confecerim
579 589 660 661 'Iam
683 609 798 670 vero,
824 608 941 686 quum
961 580 1189 668 studiorum,
1216 583 1298 688 qui·

293 701 364 780 bus
389 732 533 782 nornen
556 703 663 794 dedi,
691 704 925 783 medicorum
949 701 1036 779 finis
1060 704 1299 780 academicus

292 844 333 904 et
348 831 476 917 ritus,
516 855 630 934 quern
655 827 837 904 lubenter
862 847 902 902 et
926 853 1051 930 aequo
1079 845 1192 901 tueor
1221 827 1301 900 ani·

290 939 388 1039 ruo(
418 975 440 1024 e
466 977 572 1026 novo
599 947 783 1027 calamum
811 945 977 1024 advocat
1003 967 1042 1022 et
1067 965 1213 1032 movet,
1257 963 1301 1020 ut

286 1069 335 1146 in
358 1093 401 1143 re
426 1052 571 1148 medica
596 1072 758 1146 summos
779 1052 949 1146 honores
974 1070 1015 1144 in
1038 1069 1198 1170 proprio
1223 1067 1300 1168 spe·

227 1239 230 1244 -
294 1186 450 1278 uimine,
475 1193 540 1266 cui
562 1190 679 1294 vulgo
703 1191 752 1268 ab
777 1188 1052 1292 inaugurandis
1080 1189 1208 1264 studiis
1234 1211 1303 1263 no·

294 1333 384 1386 men
411 1313 485 1399 ait,
514 1313 900 1418 ca-ptos.iam·paiarn
927 1310 1129 1414 profitear,
1168 1313 1208 1386 in
1236 1308 1302 1384 eli·

296 1429 424 1538 genda
462 1460 567 1512 nova
602 1455 643 1512 ee
667 1435 760 1513 utili
792 1433 841 1510 ad
873 1431 977 1510 illam
1010 1435 1166 1506 materie
1199 1425 1304 1506 haud

290 1549 365 1628 -diu
390 1552 548 1643 fuderim
565 1605 567 1614 ,
587 1556 734 1634 nullem
759 1559 1087 1662 aptiorem-atque
1115 1547 1223 1634 fimul
1248 1554 1304 1628 iu·

259 1679 261 1688 ‘
298 1669 528 1782 cundiorem
556 1681 670 1782 potui
702 1678 793 1754 mihi
826 1681 1015 1778 cogitare,
1056 1701 1101 1766 ac
1125 1668 1155 1748 fi
1179 1671 1306 1748 adhuc

298 1818 459 1902 quoque
484 1801 524 1876 in
549 1804 712 1906 antiquo
739 1801 1034 1901 viverepossem
1058 1783 1222 1884 mundo,
1263 1813 1307 1869 ct

299 1933 474 1992 veterum
505 1947 625 2026 opera
654 1915 781 1998 rimari
807 1921 1059 2021 admirarique
1092 1939 1130 1992 et
1161 1915 1305 1996 inillis

299 2035 407 2114 utilis
434 2041 525 2144 quid
547 2044 722 2150 ''fcituque
749 2041 853 2144 digni
879 2042 1054 2144 proferre
1078 2043 1221 2144 possem
1252 2058 1307 2114 at·
1343 2091 1346 2094 -

302 2173 379 2262 q'ue
416 2164 628 2264 expiscari..
677 2169 892 2268 Utrumque
933 2165 1065 2266 itaque
1106 2159 1221 2234 finem
1263 2177 1309 2234 ut

304 2279 506 2357 commoda
537 2285 753 2390 assequerer
786 2288 865 2372 via,
899 2309 951 2360 ex
988 2307 1116 2360 rerum
1149 2278 1310 2354 medica·

177 2501 182 2512 ·
300 2425 388 2476 rum
409 2401 555 2508 ‚aruph
602 2407 727 2508 segete
768 2399 923 2490 similem
969 2403 1068 2504 elegi
1114 2406 1309 2478 materiem
1412 2395 1413 2398 ¹

301 2509 781 2632 medico-philologicam‚
813 2532 863 2604 iu
895 2554 1008 2632 quam
1042 2519 1222 2600 extremis
1259 2525 1310 2598 vi·

303 2667 366 2725 tae
392 2653 629 2732 academicae
653 2655 815 2741 diebus,
845 2679 978 2730 omnes
1005 2652 1115 2727 studii
1140 2654 1310 2728 acriores

305 2767 603 2879 diligentiaeque
628 2783 770 2853 nervos
791 2775 924 2861 infixi,
951 2774 1110 2862 scilicet,
1135 2777 1184 2848 de
1198 2767 1312 2847 oculo

304 2903 349 2971 in
381 2899 609 2996 uniuersum
642 2907 813 3002 eiusque·
826 2890 938 2974 uitiis
964 2899 1147 2972 medendi
1167 2895 1312 2994 priscis

305 3031 403 3092 nora
435 3027 602 3099 ratione.
657 3025 794 3099 Nescio
828 3023 950 3107 enim,
985 3017 1092 3124 quod
1121 3021 1312 3094 intentum

305 3135 468 3214 studium
500 3144 640 3218 ret-'uix
673 3139 990 3242 exstinguendum
1024 3143 1064 3214 in
1098 3139 1171 3213 hac
1201 3157 1312 3238 parte

307 3257 400 3338 artis
424 3257 597 3338 salutaris
612 3263 839 3366 rpraestandi
863 3259 956 3366 quid
981 3255 1224 3344 defiderium‚
1252 3284 1313 3332 me

307 3398 462 3480 captum
493 3385 681 3468 tenuerit,
718 3382 810 3458 dum
839 3388 1012 3484 Hr'mlyr'‚
1047 3382 1117 3455 viri
1147 3377 1314 3454 illustris·

306 3490 395 3580 fimi,
431 3499 817 3609 experientissuniqne
866 3503 948 3602 (ex
980 3504 1110 3584 errius,
1148 3517 1193 3574 ut
1227 3523 1315 3574 curn

307 3621 483 3702 Homero
507 3621 676 3729 ¹loquar,
718 3623 852 3726 lingua
889 3621 1002 3700 melle
1039 3619 1193 3724 ,dulcior
1230 3616 1315 3692 fluit

308 3743 481 3840 oratio),
518 3750 734 3852 praeceptis
768 3747 817 3824 de
847 3746 954 3825 oculi
986 3747 1143 3822 humani
1177 3761 1316 3818 natura

309 3860 471 3970 eiusque
492 3868 640 3942 viriaet
665 3895 782 3944 manu
808 3889 848 3944 ee
872 3865 1155 3944 medicamentis
1181 3887 1317 3938 curan·

310 3979 349 4058 di
374 3988 523 4064 ratione
550 3989 690 4067 fruitus
721 3993 820 4080 ium,
850 4011 892 4068 et
917 3995 984 4068 vix'
1009 3986 1226 4066 aviditatem
1250 4007 1317 4060 vo·

307 4104 571 4220 luptatemque
602 4113 815 4195 describere
843 4112 974 4203 valeo,
1014 4107 1155 4218 quibus
1187 4132 1317 4186 unam·
