2910 4978
744 421 1111 514 *176-.

374 621 528 683 mittunt·
577 609 626 682 Si
641 616 765 704 exigua
787 609 922 680 suffusio
947 606 1016 694 est,
1043 609 1078 680 fi*
1094 611 1295 696 immobilia,
1317 635 1367 704 cn·
1419 595 1420 598 Ἴ

375 735 489 802 loram
512 734 614 802 habet
636 740 785 804 marinae
804 755 907 824 aquae
926 735 982 804 vel
1003 733 1088 804 serri
1105 723 1243 808 nitentis
1259 735 1367 827 (glano.

321 857 324 864 ⁴
375 854 708 936 membranaceum)
748 867 782 922 et
804 878 823 922 a
845 853 953 922 latere
981 853 1110 922 sensum
1145 858 1287 945 aliquem
1313 855 1366 923 lul·

255 1075 256 1078 Ἴ
375 971 471 1066 gotis
499 977 683 1062 relinquit,
723 973 797 1062 spes
829 973 989 1064 superest.
1051 976 1146 1043 Inter
1175 983 1269 1050 initia
1297 999 1367 1044 non·

374 1120 550 1184 nunquam
574 1105 676 1182 etiam
701 1099 905 1174 discutitur,
931 1097 1126 1187 sauguinem
1143 1121 1188 1166 ex
1202 1099 1310 1166 fronte
1324 1097 1366 1165 vel

373 1221 512 1286 naribus
539 1221 729 1303 mittendo:
766 1225 802 1286 in
826 1221 1046 1314 temporibua
1071 1239 1174 1290 venas
1190 1222 1365 1314 adurendo,

374 1335 625 1428 suffumigando
660 1351 696 1406 et
731 1338 852 1406 oculos
879 1341 1016 1407 acribus
1046 1342 1302 1436 medicamentis
1325 1346 1366 1405 in·

374 1465 548 1570 ungendo.
597 1462 719 1528 Victus
742 1465 914 1548 optimus,
931 1465 1000 1546 qui
1027 1466 1186 1571 pituitam
1214 1473 1366 1550 extenuat.

373 1615 425 1636 ·-
450 1582 492 1654 Si
516 1605 603 1654 uero
625 1603 758 1670 magna
770 1574 838 1662 est,
878 1577 900 1645 li
921 1602 1019 1670 nigra
1045 1601 1124 1670 pers
1153 1582 1243 1649 oculi
1268 1577 1365 1648 amissa

373 1705 517 1774 naturali
544 1703 708 1793 figura,
697 1724 734 1767 ιιι
758 1701 854 1768 aliam
880 1707 1007 1796 vertit,
1036 1703 1058 1768 li
1083 1701 1254 1772 suffusioni
1278 1703 1365 1769 color

375 1827 554 1896 coeruleus
581 1819 649 1906 est,
679 1836 740 1891 aut
765 1845 847 1892 auro
874 1821 990 1888 similis
1016 1819 1085 1912 (gl
1109 1824 1259 1906 durum)
1284 1824 1303 1889 ll
1328 1823 1364 1888 la·

274 2033 282 2040 .
372 1945 431 2015 bat
464 1944 529 2036 (gl.
555 1943 713 2023 labans),
754 1957 790 2012 et
823 1943 885 2012 hac
918 1943 970 2052 rel
1004 1945 1084 2010 illuc
1116 1962 1277 2014 movetur
1305 1941 1363 2032 (gl.

214 2137 216 2145 s
268 2142 272 2152 ,
372 2064 604 2156 tremulum),
638 2071 696 2133 vix
723 2086 870 2151 unquam
904 2047 1124 2172 succurritur.
1185 2065 1283 2134 Peior
1310 2063 1362 2130 hac

332 2273 334 2278 Ι
372 2187 439 2274 an,
481 2210 567 2278 quae
593 2209 638 2254 ex
663 2193 814 2278 graviori
847 2189 994 2265 morbo,
1036 2192 1225 2278 maioribus
1256 2193 1361 2278 capitit

328 2337 342 2366 -·
372 2315 572 2388 doloribus,
596 2291 650 2378 vel
673 2331 718 2376 ex
736 2313 809 2376 ictu
833 2281 1085 2379 vehementiori
1110 2325 1188 2379 orta
1210 2305 1266 2380 est.
1306 2309 1361 2377 Ne·
1420 2365 1421 2390 ,

371 2458 436 2525 que
461 2436 583 2502 idonea
612 2434 745 2498 curatio
768 2423 838 2506 est,
870 2435 906 2498 in
932 2431 1026 2498 senili
1052 2445 1180 2510 aetate,
1213 2429 1360 2520 quaefiue

352 2579 463 2648 ,novo
499 2555 585 2624 uitio
619 2568 733 2620 tamen
767 2557 878 2619 aciem
911 2538 1069 2620 hebetem
1110 2553 1230 2622 habet:
1265 2568 1297 2622 at
1323 2570 1359 2617 ne
1419 2585 1420 2598 ι

368 2677 511 2770 puerilis
528 2677 686 2764 quidem,
712 2674 767 2740 led
791 2679 883 2740 inter
907 2672 991 2742 haec
1017 2677 1128 2744 media
1153 2692 1255 2744 aetas.
1284 2673 1360 2744 Ocu·

369 2797 422 2868 lus
448 2818 582 2886 quoque
608 2800 776 2862 curationi
802 2817 912 2882 neque
940 2802 1104 2885 exiguus,
1147 2820 1259 2886 neque
1290 2817 1361 2862 con·

370 2938 470 2986 cavus
497 2915 573 2984 satis
600 2929 815 3006 opportunus
843 2911 907 2994 est,
934 2930 1035 3002 atque
1059 2917 1160 3008 ipsus
1187 2915 1288 2986 ssuffu
1281 2919 1357 2983 tonia

364 3039 559 3126 quaerenda
582 3043 759 3104 maturitas
783 3031 840 3104 est.
891 3035 1164 3130 Exspectandum
1190 3029 1358 3128 igiturest,
1417 3073 1418 3165 p

369 3151 519 3254 donec
507 3178 575 3224 ram
601 3181 673 3224 non
694 3155 823 3240 fluere,
853 3155 910 3223 sed
936 3160 1079 3226 durities
1105 3164 1267 3248 quaedam
1288 3177 1357 3223 cou-

261 3268 265 3276 ’
369 3279 506 3350 crevisse
522 3282 687 3348 videatur
739 3280 834 3350 Ante
856 3287 1068 3350 curationem
1091 3295 1203 3350 autem
1232 3281 1355 3348 modico

369 3405 446 3473 cibo
480 3408 549 3486 uti,
582 3406 700 3471 bibere
732 3427 851 3492 aquam
887 3407 1003 3490 triduo
1031 3406 1150 3494 debet,
1189 3406 1299 3492 pridie
1321 3398 1354 3462 ab

368 3496 528 3592 omnibus
561 3527 743 3594 abstinere.
797 3521 874 3591 Post
909 3511 992 3594 haec
1028 3531 1066 3592 in
1101 3523 1250 3622 adverso
1271 3516 1353 3587 sedili
1415 3565 1416 3623 p

369 3645 588 3726 collocandus
613 3642 663 3714 est
686 3647 766 3716 loco
788 3645 929 3726 lucido,
966 3647 1095 3714 lumine
1126 3643 1283 3726 adverso,
1318 3635 1353 3734 βο

256 3783 258 3788 ·
367 3780 547 3837 utcontra
579 3771 731 3836 medicus
761 3769 860 3856 paulo
886 3770 985 3836 altius
1018 3768 1141 3836 sedeat·
1198 3767 1233 3834 A
1258 3755 1353 3850 poste·
1414 3793 1415 3851 ι

367 3885 462 3954 riore
487 3903 598 3994 autem
625 3903 722 3978 parte
747 3901 848 3976 caput
872 3896 966 3968 eius,
999 3873 1063 3978 qul
1080 3890 1270 3964 curabitur,
1300 3882 1353 3946 ml·

364 4006 468 4076 nister
502 3987 673 4078 contineat
707 4025 742 4080 et
774 4014 951 4078 immobile
990 4015 1026 4080 id
1068 4010 1223 4104 praestet.
1275 4001 1350 4069 Nam
1413 4009 1414 4080 l

363 4129 432 4200 lovi
452 4145 553 4202 motu
578 4139 667 4224 eripi
687 4140 777 4204 acies
803 4139 841 4202 in
865 4111 1071 4226 perpetuum
1096 4128 1224 4230 potest.
1267 4113 1350 4216 Qum

1261 4249 1349 4314 ellam
1412 4273 1413 4311 ι
