2820 4994
712 471 991 530 *aro-¹..

351 635 500 721 chinric
533 673 658 720 nornen
683 649 812 738 eligere
838 663 872 715 et
897 656 1065 730 retinere,
1096 676 1171 740 guo
1192 649 1258 720 hoc
1278 653 1332 740 pal·

347 751 530 864 pebrarirm
565 779 688 840 vitium
720 742 924 859 inlrgniatar.
981 771 1140 840 Nostrum
1173 782 1261 842 enirn
1285 771 1332 853 est,

290 933 292 942 ‚
348 897 438 960 citra¹
461 908 637 980 urgentem
665 865 910 968 necelfitatern,
952 914 1062 962 novos·
1087 901 1122 961 in
1153 919 1193 962 re
1218 901 1333 963 medica

347 1014 436 1083 h'aud
459 1015 585 1080 cudere
607 1018 796 1089 terminos,
823 1011 877 1078 led
901 1019 1073 1081 veteribus
1093 1031 1169 1105 apte
1193 1027 1257 1098 uti,
1280 1043 1331 1086 nec

348 1149 461 1202 autem
489 1136 591 1198 abuti.
642 1133 809 1198 Veterum
838 1133 1050 1202 definitiones
1077 1151 1111 1202 et
1136 1145 1332 1208 nominano·

346 1257 400 1322 bis
425 1251 634 1339 intubique
659 1251 770 1321 lancta
796 1266 831 1318 et
851 1275 920 1340 pro
945 1253 1123 1354 cynosura.

449 1372 511 1440 Ptti
539 1393 621 1441 vero
650 1379 707 1460 qui
737 1379 771 1438 in
798 1373 970 1464 palpebris
998 1376 1086 1453 lunt,
1131 1375 1330 1469 Celjb‘prae·

347 1481 574 1590 cipiante,⁶')
608 1497 737 1562 daabu‘s
763 1496 806 1563 de
840 1495 942 1562 caulis
969 1497 1109 1563 oculum
1133 1505 1270 1567 irritare
1291 1499 1330 1566 lo·

344 1623 426 1690 lent.
476 1616 562 1683 Nam
592 1617 699 1684 modo
723 1615 907 1704 palpebrae·
928 1616 1116 1706 superioris
1143 1619 1269 1692 summa
1287 1631 1329 1692 cu'·

344 1749 390 1810 tis
415 1723 587 1809 relaxatur
616 1751 650 1803 et
664 1711 852 1825 'procidin
895 1761 963 1824 quo
989 1738 1027 1805 fit
1054 1755 1093 1807 ut
1116 1749 1195 1812 eius
1219 1749 1273 1836 pili
1295 1745 1328 1813 ad

343 1862 457 1951 ipsum
479 1859 615 1926 oculum
648 1855 911 1936 convertantur,
947 1864 1116 1943 quianon
1142 1865 1250 1936 folum
1272 1891 1329 1936 car·
1394 1897 1395 1948 l

342 1985 609 2072 tilagcquoqne
634 1977 666 2044 le
692 1977 834 2043 remitit:
877 1981 985 2045 modo
1017 1980 1076 2046 lub
1107 1988 1231 2056 ordine
1253 1994 1329 2062 natu·
1394 2003 1395 2010 ’

343 2105 408 2176 tali
440 2101 590 2190 pilorum
625 2098 708 2165 alins
744 2100 833 2164 ordo
857 2097 1061 2183 subcrescit,
1098 2113 1155 2192 qui
1188 2119 1327 2200 protinas
1394 2145 1395 2150 ¹

341 2233 434 2294 intus
459 2223 502 2312 ad
527 2218 665 2287 oculum
689 2221 809 2286 tendit.
829 2253 880 2270 -
931 2221 998 2290 His
1023 2225 1223 2299 describitur
1247 2238 1327 2326 plane
1394 2245 1395 2254 ’

299 2445 302 2452 .
343 2345 576 2448 dystrichialis
598 2348 801 2412 recentium.
851 2345 1007 2414 Galenus
1024 2337 1069 2428 ⁶³)
1095 2361 1325 2426 rembreribut
1394 2369 1395 2402 ³

342 2471 502 2550 absolvit,
528 2470 571 2535 de
597 2465 733 2534 trioboli
760 2467 897 2546 dicens,
922 2469 1012 2558 pilos
1033 2472 1267 2562 palpebrarum
1287 2487 1327 2546 ia·⁴
1394 2485 1395 2518 ³

339 2597 489 2666 trnrlum
511 2592 621 2662 flexos
646 2611 782 2662 nocere.
1240 2673 1243 2679 Δ

399 2775 409 2788 .,
447 2715 677 2805 Hippocrates
696 2699 742 2797 ⁶⁴)
768 2717 918 2799 primum
945 2711 1012 2782 hoc
1038 2717 1198 2786 ciliorum
1223 2728 1323 2790 vitium

339 2861 457 2914 manu,
482 2841 657 2922 corrigere
697 2837 871 2921 praecipit.
931 2835 1081 2904 Inmittit
1120 2863 1242 2934 nempe
1274 2863 1324 2932 per
1394 2877 1395 2880 ¹

338 2961 507 3036 [nmmum
535 2953 728 3042 ,superioris
763 2953 941 3042 palpebrae
977 2964 1188 3046 marginem,
1224 2987 1322 3044 acarn;

339 3100 426 3168 quae
448 3095 493 3144 ex
516 3074 687 3176 iotbmipe
711 3073 802 3152 illurn
830 3073 929 3141 habet
951 3074 1107 3164 aliudque
1123 3081 1180 3147 snb
1203 3083 1267 3152 boc
1282 3088 1322 3149 in·

337 3201 438 3268 ferne
461 3200 647 3272 tranailcit,
676 3193 729 3260 fila
755 3207 838 3262 tunc
864 3196 997 3263 extensa
1025 3200 1155 3291 colligit
1171 3222 1215 3296 ,et
1238 3215 1321 3272 attra·
1389 3242 1393 3253 ,

336 3321 407 3398 hit,
441 3320 553 3386 donec
576 3316 749 3383 decidant:
792 3319 884 3402 quod
916 3331 1026 3386 autem
1056 3331 1144 3410 op'us
1179 3329 1233 3392 u'bi
1262 3347 1319 3392 non

338 3445 450 3518 cedit,
489 3441 646 3506 reiterari
678 3437 794 3502 tradit.
828 3467 875 3486 -
928 3439 964 3504 ln
993 3440 1165 3512 hocloco
1191 3454 1319 3532 primam

335 3566 498 3653 ligaturae
525 3557 695 3652 chirurgia
728 3556 770 3624 fic
804 3561 913 3628 dictae
942 3577 978 3628 et
1012 3565 1106 3631 valde
1137 3570 1319 3642 celebratae,

262 3701 267 3710 “
334 3681 573 3752 inveniendam
594 3686 772 3758 notitiam,
798 3685 858 3747 vix
884 3658 965 3750 vero
989 3681 1086 3751 istum
1109 3689 1244 3756 curandi
1258 3707 1317 3752 mo·

374 3938 433 4016 52)
455 3935 525 4004 Vll·
544 3955 574 4014 7·
596 3955 626 4016 p.
641 3933 712 4000 631.

376 4041 433 4117 53)
449 4037 504 4099 De
521 4037 610 4100 oculo
631 4059 659 4099 c.
673 4061 703 4124 9.
723 4037 840 4122 1:374,

374 4141 537 4222 arat.
619 4209 654 4240 „
