2910 4978
729 405 903 514 -1'60
953 479 1059 560 -Ι

328 639 331 648 ’
366 645 425 701 tur
447 644 483 703 et
504 654 548 699 cx
558 599 671 700 uve'aa
692 638 795 706 vitiu,
819 647 877 700 aut
898 631 1056 703 humoris
1080 635 1247 746 albugiuei
1264 633 1356 702 mole.

297 731 300 738 ι
328 765 330 774 '
364 752 519 844 Augusta
543 768 666 828 autem
682 757 797 821 evadit
817 755 963 842 pupula,
988 769 1045 822 aut
1070 761 1115 824 'cx
1139 757 1230 832 calu,
1249 771 1304 822 aut
1320 777 1357 821 ex

311 919 322 927 ,
364 890 500 954 natura,
525 897 558 941 v.
583 897 612 940 c.
638 877 683 942 ob
708 880 849 942 nimiam
875 876 1068 942 mollitiem.
1117 875 1245 962 Pupula
1261 877 1358 960 ampla

363 995 497 1087 lumper
524 996 609 1062 mala
640 991 711 1074 ast,
751 1002 829 1086 quia
859 997 1015 1108 spiritum
1053 981 1195 1088 spargit5
1234 993 1358 1086 augusta

364 1136 466 1196 veru,
500 1116 644 1192 melior,
679 1115 833 1206 spiritum
860 1123 952 1184 euim
980 1115 1199 1208 constringit:
1235 1123 1289 1185 ubi
1312 1142 1356 1184 au·

364 1252 436 1306 tem
460 1258 504 1304 ex
531 1243 615 1305 vitio
641 1234 852 1326 angustatur,
891 1233 1031 1306 molesta
1053 1239 1102 1307 fit.
1162 1237 1288 1306 Mutari
1311 1224 1357 1304 dt·

363 1366 466 1447 nique
497 1353 608 1447 potest
640 1357 765 1454 pupula
793 1361 936 1436 eloco,
974 1361 1019 1427 ob
1045 1363 1262 1428 membranas
1290 1383 1357 1426 cum

362 1478 431 1570 ipsa
446 1486 641 1570 contiguas,
666 1481 839 1562 tumidas,
858 1482 1047 1594 vulueratas
1064 1496 1100 1548 et
1114 1483 1335 1551 condensatas

678 1631 737 1699 26.
784 1589 1078 1723 Mydriusz's

375 1777 378 1782 ’
469 1754 623 1858 (ιἰ1]ἱι)’6
606 1763 791 1848 Melle,
780 1789 817 1832 ιιι
842 1765 903 1831 illo
930 1771 1012 1834 vitio
1038 1766 1182 1844 Graecis
1204 1759 1356 1860 μιδρίιιιις

361 1853 475 1967 dicto,
501 1889 631 1980 pupilla
657 1889 843 1992 effunditur
872 1901 906 1954 et
922 1889 1093 1958 'dilatatur
1119 1894 1288 1973 aciesque
1294 1894 1354 1954 eius

360 2005 528 2078 hebescit:
563 2012 601 2092 id
639 2033 723 2079 uero
755 2033 861 2098 genus
893 2007 1136 2079 imbecillitatis
1172 2009 1353 2076 difficillima

276 2191 278 2202 .
360 2135 511 2230 eliditur.
566 2133 693 2198 Eadem
730 2139 938 2200 conteuiunt
973 2133 1046 2197 fere
1086 2145 1123 2197 ut
1153 2136 1191 2196 iu
1227 2129 1352 2218 caligine

343 2257 561 2333 'oculorum,
588 2260 705 2343 paucis
734 2257 890 2330 mutatis,
919 2251 1080 2338 fiquidem
1098 2252 1140 2318 ad
1160 2271 1260 2338 caput
1272 2254 1351 2314 irino

356 2384 530 2452 interdum
563 2389 718 2453 acetum,
749 2355 931 2442 *interdum
966 2381 1097 2454 nitrum
1134 2373 1350 2462 adiiciendum

358 2500 417 2574 eit
469 2502 616 2594 Quidam
649 2503 750 2564 etiam
785 2495 905 2562 calidis
937 2499 1033 2581 aquis
1061 2493 1105 2560 ufi
1138 2493 1350 2578 relevatique;

318 2654 322 2659 ’
358 2630 496 2719 quidam
530 2622 596 2688 sina
631 2621 696 2686 ulla
722 2611 898 2686 manifesta
927 2615 1020 2682 caula
1049 2615 1159 2714 subito
1194 2613 1349 2704 uhcaccati

357 2749 455 2824 lunt,
479 2747 666 2832 exquibus
692 2739 845 2822 uonuulli
872 2762 947 2803 cum
973 2736 1181 2822 aliquamdiu
1206 2731 1288 2814 nihil
1306 2735 1349 2826 ‚vi-

264 2875 267 2882 ’
358 2872 500 2950 dilleut,
533 2871 718 2957 ¹repentina
741 2862 815 2931 alvi
850 2857 1045 2949 profusione
1077 2851 1198 2922 lumeii
1225 2872 1348 2936 serape·

266 2975 272 3001 ¹
354 3007 465 3063 runt·
498 2989 577 3082 Quo
602 2993 715 3066 miuus
741 2985 888 3051 alienum
915 2983 1069 3053 videtur,
1096 2999 1141 3042 ex
1166 2978 1294 3066 recenti
1315 2990 1347 3033 ra

263 3137 267 3146 ·
356 3126 391 3178 et
414 3108 617 3196 iuterpofitu
646 3122 804 3195 tempore
837 3101 1097 3169 medicamentis
1126 3115 1347 3190 quoque'mo·

354 3233 412 3299 liri
445 3233 692 3309 deiectiones..
714 3251 798 3316 quae
831 3209 971 3296 omnem
1005 3227 1145 3290 noxiam
1181 3220 1345 3286 materiam

353 3359 390 3419 in
414 3353 577 3421 iuferiora
599 3353 775 3442 depellant.

421 3551 499 3622 Vll.
547 3548 761 3622 Humerum
788 3543 890 3623 oculi
915 3530 1155 3664 internorum
1180 3536 1277 3614 vitia.

314 3692 338 3730 ‘⁵
454 3703 606 3801 Spatium
633 3717 727 3779 iuter
758 3734 919 3778 corneam
946 3723 981 3774 et
1011 3705 1193 3773 humorem
1220 3689 1342 3802 crystal-

352 3831 459 3901 linum
485 3829 668 3902 θιιίιιιιιιιι
671 3831 699 3912 ⁷)
736 3808 941 3900 humoiibus
975 3842 1009 3896 et
1043 3827 1161 3918 lpiritu
1183 3820 1340 3912 repletum

1289 3935 1339 4002 fibi

395 4056 448 4130 ιε)
469 4051 522 4112 vt.
539 4055 569 4116 s.
589 4069 620 4130 p.
636 4051 707 4128 577.

395 4161 448 4238 17)
471 4153 526 4216 De
540 4151 594 4214 ulu
607 4170 688 4238 part.
709 4154 745 4214 X.
759 4147 809 4222 5(
847 4165 850 4172 '
