2866 4992
495 463 746 554 ...45-

109 677 172 730 tur
200 667 235 726 et
262 657 383 726 leviter
406 660 567 725 eminent.
625 657 806 748 Palpebras
831 656 1022 744 superiores
1046 663 1124 734 Plo·

112 802 155 850 to
173 771 216 864 ⁹⁸)
242 781 344 848 utiles
371 767 467 868 putat
494 781 534 844 ad
566 757 682 848 lumen
709 779 911 868 superfluum
938 785 1131 869 prohibens

111 906 198 971 dum
223 918 258 971 et
285 899 571 987 conservandum
597 917 632 969 et
660 905 779 972 Cicero
795 899 844 982 ⁹⁹)
869 907 1044 994 palpebras
1061 903 1123 977 'no-⁴

32 1071 36 1076 -
111 1031 223 1092 minat
243 1037 338 1092 tectu
364 1009 592 1103 mollissimas,
624 1039 819 1113 tegumenta
846 1025 1055 1108 oculorum·
1077 1051 1122 1096 ne

113 1147 293 1214 laederent
318 1150 450 1220 aciem,
475 1143 638 1233 aptissime
663 1145 766 1214 factas
794 1159 827 1212 et
850 1149 893 1212 ad
921 1145 1123 1218 claudendas

109 1267 280 1358 pupulas,
323 1242 367 1329 ne
393 1264 478 1348 quid
503 1267 693 1340 incideret,
725 1281 760 1332 et
788 1269 829 1332 ed
863 1269 1061 1356 aperiendas
1087 1283 1126 1344 et

108 1387 284 1478 itaplane
306 1399 517 1474 comparatas
543 1398 580 1450 ut
604 1387 791 1452 identidem
816 1387 890 1452 fieri
911 1385 1018 1475 pollet
1042 1413 1122 1456 cnm

110 1515 271 1610 maxima
288 1506 473 1573 celeritate.
524 1504 562 1570 ln
587 1503 697 1598 typho
717 1506 981 1593 frequentiffime
1007 1512 1122 1601 palpe-

109 1633 198 1718 brae
218 1603 361 1734 nietam,
369 1620 438 1717 ¹⁰⁰)

212 1751 283 1820 lam
320 1769 403 1822 vero
437 1753 518 1818 dum
553 1751 595 1816 de
625 1747 863 1840 palpebrarum
899 1747 956 1820 usu
982 1753 1120 1825 medico

111 1855 300 1963 earumque
325 1873 526 1940 oeconomia
549 1875 636 1970 apud
653 1887 785 1942 veteres
802 1891 886 1962 ago,
906 1894 1120 1960 nequaquam

110 2006 222 2064 ritum
248 1991 581 2086 fcitudignilltmum
607 1991 702 2060 filere
727 1989 879 2082 polium,
915 1980 994 2059 cu'm
1026 2001 1121 2061 exin·

111 2121 160 2186 de
182 2109 284 2184 etiam
312 2113 402 2202 oculi
429 2109 650 2202 praestantia,
689 2137 790 2202 quam
822 2111 959 2192 habuit,
999 2113 1119 2203 priscis

110 2240 353 2328 temporibus,
379 2240 490 2332 evinci
496 2226 679 2302 videatur.

213 2358 470 2439 „Morientibns
496 2375 655 2448 nempe
648 2353 768 2450 oculeo
793 2325 951 2442 operire,
988 2333 1121 2426 curlus·

112 2488 234 2573 quein
255 2501 342 2566 rogo
358 2477 455 2570 petel
451 2495 562 2555 acere,
588 2444 775 2566 Quiritium
794 2479 862 2538 ritu
880 2472 1008 2538 sacrum
1030 2492 1121 2544 erat:
1123 2463 1126 2472 λ

110 2615 162 2676 ita
187 2624 287 2670 more
313 2597 454 2665 condito
488 2609 525 2661 ut
551 2617 659 2680 neque
685 2597 725 2658 ab
757 2591 899 2658 homine
923 2579 1119 2680 supremum
1331 2631 1332 2634 =

113 2751 176 2800 eos
203 2689 344 2814 lpectari
369 2691 419 2784 ias
446 2695 566 2788 luerit,
600 2729 634 2781 et
660 2711 757 2780 coelo
783 2737 853 2780 non
880 2711 1028 2806 ostendi,
1061 2739 1120 2784 ne-

111 2847 201 2919 fasf‘
219 2842 246 2927 ¹)
297 2839 448 2907 Exinde
445 2842 570 2922 itaque
596 2830 849 2926 Virgilium)
876 2847 1034 2946 tanquam
1054 2832 1120 2922 llil·

111 2955 309 3062 χοπομπᾶς·
402 3008 404 3014 -

177 3079 266 3160 „Dat
279 3073 423 3136 somnum
439 3055 609 3150 adimitque
622 3081 654 3130 et
668 3067 788 3128 lumina
800 3083 903 3129 morte
916 3067 1057 3154 refignat
1058 3073 1078 3113 ‘⁸

112 3201 195 3269 Huc
220 3209 356 3282 quoque
381 3188 547 3255 Varronis
573 3183 662 3272 apud
677 3182 870 3250 Nonium
858 3207 896 3249 tn
920 3183 1025 3274 tigillo
1042 3207 1118 3275 per·

112 3308 225 3388 tinent
250 3315 366 3380 loeus:
392 3320 536 3389 „contra
560 3319 671 3371 autem
694 3305 751 3371 lex
764 3306 896 3373 Maevia
922 3301 1024 3374 estin
1047 3315 1117 3396 pic·

111 3455 203 3517 tate,
228 3457 271 3501 ne
297 3431 358 3498 filii
383 3431 539 3520 patribus
563 3428 641 3494 luce
665 3427 753 3512 clara
777 3425 919 3517 figiltcnt
946 3423 1120 3512 oculostff
1223 3445 1226 3452 ’

113 3577 317 3610 -n—-d

156 3673 219 3764 98)
232 3665 390 3732 Timaeus.
406 3663 429 3730 l.
443 3663 465 3728 l.

123 3789 130 3800 '
154 3801 196 3866 99
178 3782 213 3859 9)
237 3773 301 3836 Cle.
322 3771 343 3832 l.
358 3769 430 3830 l.
977 3795 983 3808 ³

157 3885 233 3960 100)
256 3869 624 3962 Hippocrat,d.'1ntern
642 3867 705 3937 edf.
731 3873 762 3941 S
777 3869 815 3940 V·
833 3799 946 3957 ΜὸιΙ
929 3895 993 3962 p
1007 3875 1120 3964 3760&

139 3996 142 4005 '
196 3985 236 4046 al
250 3981 337 4042 lucie.
1207 3979 1212 4000 '

157 4025 547 4176 >ma.um.m

155 4201 193 4283 a)
210 4194 292 4263 Aen.
313 4197 370 4262 1v.
390 4201 463 4276 244·
