2820 4994
467 421 745 540 *oe-2⁴

86 637 197 703 cilium
232 631 474 742 inserendum,
516 633 792 724 diducendaeque
829 649 873 708 e'o
907 641 1090 736 palpebra,

83 747 173 839 sunt,
199 759 314 826 doddo
339 756 553 824 exulceratio
581 761 654 824 eius
678 757 748 824 lo'ci
772 755 943 829 finiatur.“
988 793 992 810 ·

318 939 354 1041 3,
407 941 844 1032 Synbleplraron.

97 1127 125 1144 .·
174 1083 283 1156 Haud
308 1091 443 1150 nctmen⁴
462 1086 622 1167 quidem,
657 1090 798 1152 omnino
824 1099 936 1166 autern
962 1092 1083 1156 vitium

77 1205 247 1270 ueteribus
273 1217 393 1270 notum
422 1225 461 1268 ac
484 1219 562 1269 cum
589 1208 708 1292 priore
728 1201 826 1292 saepe
851 1211 1083 1274 committunt

77 1325 174 1388 etad
198 1322 310 1410 ipsum
344 1323 500 1422 relatum.
557 1323 626 1390 Ubi
656 1324 734 1392 albo
766 1323 869 1412 ipsius
895 1324 986 1396 oculi
1013 1325 1082 1412 pal·

75 1447 175 1530 pebra
208 1441 368 1518 inhaefit,
411 1443 616 1514 Heraclides
643 1441 851 1514 Tarentinus
885 1459 1015 1518 auctor¹
1033 1445 1081 1516 est

75 1567 159 1654 apud
185 1566 345 1654 Celsein,
362 1559 402 1644 ³²)
429 1563 747 1656 aduersoscalpello
772 1565 943 1636 subsecare
961 1587 1080 1656 magna
1153 1557 1156 1562 ’

75 1706 146 1752 curn
167 1689 435 1762 moderatione,
472 1699 508 1752 ut
533 1709 644 1774 neque
665 1711 705 1770 ex
730 1688 855 1773 oculo,
894 1711 1005 1776 neque
1031 1710 1077 1756 ex

72 1809 227 1897 palpebra
259 1814 437 1896 quicquam
465 1806 699 1890 abscindatur,
739 1829 779 1900 ac
803 1809 826 1876 st
852 1805 988 1879 ¹necesse
1012 1807 1075 1895 est,

74 1950 114 1994 ex
146 1930 311 2019 palpebra
343 1933 470 2017 potius.
530 1924 609 1994 Poft
641 1925 710 1996 hoo
740 1931 862 2000 oculus
893 1936 1073 2020 inungatur

72 2051 347 2124 medicamentis,
379 2051 500 2135 quibus
523 2045 695 2137 aspritudo
721 2065 878 2131 curatur,
905 2058 1074 2142 quotidie·

75 2191 133 2254 que
157 2171 322 2258 palpebra
344 2143 514 2248 vertatur,
543 2191 614 2234 non
639 2169 744 2238 solum
768 2185 806 2238 ut
831 2157 939 2241 ulceri
965 2179 1080 2244 mede·

65 2305 261 2358 'ramentum
285 2291 486 2366 inducatur,
523 2273 714 2354 sedetiam
743 2312 786 2358 ne
818 2293 932 2363 rursus
956 2295 1072 2388 inhae-¹

70 2425 154 2492 reat,
191 2409 323 2501 ipsique
354 2417 456 2476 etiam
488 2409 591 2498 aegro
625 2416 870 2499 praecipiatur,
906 2428 944 2482 ut
973 2415 1070 2506 saepe

71 2554 137 2598 eam
166 2533 305 2600 duobus
331 2533 446 2620 digitis
469 2531 609 2598 attollat.
661 2529 734 2619 lpse
759 2553 841 2599 vero
870 2531 990 2622 Celsus
1009 2542 1069 2609 tali

72 2656 171 2722 modo
189 2647 399 2720 restitutum
426 2651 491 2718 else
514 2655 686 2718 neminem
714 2649 832 2719 noscit.
879 2653 1012 2747 *Meges
1036 2662 1068 2730 se

72 2781 198 2863 'quoque
231 2773 336 2840 multa
369 2765 526 2858 tentasse,
565 2796 678 2858 neque
713 2796 861 2859 unquam
893 2781 1090 2866 proluisse,¹
1124 2851 1128 2858 ,

71 2904 137 2983 quia
152 2898 287 2986 semper
310 2903 438 2964 iterum
462 2896 564 2964 oculo
588 2896 747 2985 palpebra
765 2895 963 2979 inhaeserit,
996 2925 1066 2972 mee

69 3026 190 3086 moriae
220 3019 387 3105 prodidit.
445 3017 495 3084 lta
520 3018 640 3105 Celsus
664 3017 688 3084 l.
713 3017 737 3084 1.
764 3013 971 3102 Galenus³³)
997 3021 1067 3092 hoo

70 3158 138 3203 cum
163 3141 389 3207 antecedente
416 3145 592 3228 coniungit
618 3145 755 3208 vitium:
797 3136 951 3208 nostrum
980 3163 1065 3214 vero

68 3277 178 3349 utpote
204 3261 308 3334 ,simul
340 3287 417 3328 curn
455 3285 579 3329 cornea
613 3275 813 3328 concretum
840 3275 874 3328 et
905 3276 1064 3349 tanquam
1117 3252 1121 3259 ‚

67 3385 238 3452 uulnerum
269 3383 482 3470 frequentem
515 3382 679 3470 sequelam
711 3384 859 3464 indicat3
902 3385 1063 3454 medendi

66 3505 140 3572 v'ero
169 3491 315 3574 ⁴modum
350 3529 420 3572 non
454 3505 559 3570 addit.
621 3503 715 3568 Idem
749 3502 823 3568 sere
857 3497 922 3584 est,
968 3509 1062 3592 quod

66 3595 178 3696 ditius
206 3628 397 3694 laciendum
420 3616 559 3698 suadet,
578 3695 582 3698 ,
598 3625 680 3691 dum
708 3622 865 3714 scalpello
893 3631 1063 3720 pterygiis

67 3745 222 3816 destinato
249 3764 411 3816 concreta
436 3745 587 3815 exsolvit.

67 3911 263 3936 ffi-——r-n-

101 4014 154 4095 32)
175 4014 253 4080 lbid.
274 4015 295 4076 l.
312 4015 337 4079 l.
365 4019 369 4028 '

102 4135 154 4219 33)
174 4137 228 4202 De
242 4139 348 4216 oculo,
366 4137 408 4202 T.
423 4137 479 4200 111.
500 4157 531 4228 p·
547 4132 618 4217 374·
718 4177 736 4192 ·.
771 4138 825 4310 ,θ’
857 4139 879 4194 ’.

826 4265 846 4311 2
