2820 4994
425 461 708 516 *lbi*

71 637 147 703 dum
175 657 223 706 err
261 633 347 724 tpba
375 634 439 704 Coi
478 640 691 728 temporibus
727 637 949 705 derivandum
988 637 1073 722 eise,

71 751 193 824 oculeo.
252 759 353 826 Hauc
378 783 513 847 qnoque
535 759 695 826 tricholiu
723 761 865 826 curandi
896 765 1066 828 rationem

50 887 174 970 ,potius
191 887 229 945 in
247 887 421 967 eutropio,
447 879 754 975 cuiusiymptoma
774 878 905 970 saepius
928 879 994 950 else
1017 882 1068 952 lo·

66 1000 134 1076 let,-
159 1004 381 1068 commodam
406 1001 534 1076 habeo,
574 1023 673 1088 quam
699 1001 741 1066 ad
764 1002 990 1088 corrigendos
1016 1001 1066 1070 lo·

66 1122 129 1190 lum
154 1122 303 1189 inflexos
329 1124 434 1212 pilot,
460 1123 596 1190 oculum
612 1128 796 1188 irritantes·
847 1123 974 1192 Similia
991 1122 1066 1204 fere

66 1244 220 1332 praefidia
231 1276 235 1286 ’-
247 1244 395 1328 denique
417 1265 463 1309 ex
487 1266 567 1320 acu,
593 1247 722 1308 recenti
736 1253 895 1331 tempore
909 1254 944 1309 et
958 1241 1074 1334 Angli

64 1366 190 1434 laudant
215 1372 413 1450 iterumque
440 1375 616 1452 expetunt.
746 1401 749 1408 ·

103 1523 108 1532 ·
164 1486 291 1575 Celsus
324 1485 347 1554 i.
378 1485 401 1551 l.
427 1486 555 1550 multus
591 1476 697 1550 estin
725 1484 963 1552 enumerandis
989 1505 1073 1554 mo·.

66 1609 128 1688 dis,
155 1611 280 1698 quibus
305 1605 463 1672 facillime
489 1605 556 1674 hoc
582 1609 703 1672 vidum
729 1603 841 1694 iugari
862 1606 978 1696 pollii,
1004 1614 1064 1696 qui

64 1729 204 1799 ferehis
230 1725 406 1796 constant:

104 1877 132 1920 a.
172 1855 208 1919 Si
244 1851 307 1940 pili
339 1855 409 1914 nati
442 1846 537 1928 lunt,
578 1852 735 1932 quinon
766 1847 973 1926 debuerunt,
1013 1864 1065 1928 te·‚

66 1982 133 2046 uuis
164 1993 247 2042 acus
283 1969 394 2036 ferrea
427 1970 470 2035 ad
497 1969 748 2034 similitudinem
781 1965 891 2034 hastae
916 1970 1000 2036 latae
1024 1977 1061 2038 in

61 2101 168 2184 ignem
204 2091 423 2162 coniicieuda
466 2083 531 2174 est3
572 2091 696 2154 deinde
731 2091 898 2166 candens,
938 2090 1061 2160 sublata

66 2219 214 2306 palpebra
241 2193 311 2288 tic,
332 2225 371 2278 ut
391 2217 463 2277 eiua
490 2209 667 2300 perniciosi
694 2209 754 2296 pili
778 2216 815 2277 in
843 2210 1058 2298 conspectum

67 2345 203 2404 curantis
237 2340 388 2412 veniant,
409 2332 481 2399 ⁸iub
508 2331 585 2420 ipfis
613 2329 765 2418 pilorum
791 2333 981 2412 radicibur,
1018 2337 1062 2402 ab

66 2459 183 2545 angulis
209 2455 415 2526 inmittenda
442 2448 511 2533 est,
548 2465 587 2517 ut
611 2475 648 2519 ee
673 2459 813 2519 tertiam
835 2467 967 2542 partem
994 2454 1062 2542 pal·

65 2569 177 2667 pebrac
203 2588 376 2656 transeat3
420 2576 544 2641 deinde
569 2581 715 2650 iterum,
749 2581 920 2668 tertioque
945 2575 987 2644 ad
1013 2573 1059 2640 al·

67 2709 165 2762 terum
192 2695 375 2783 angulum,
403 2717 470 2780 quo
496 2695 532 2762 iit
554 2708 591 2760 ut
613 2717 731 2762 omnes
754 2697 903 2786 pilorum
926 2697 1059 2764 radicet

66 2816 185 2886 adustae
210 2823 436 2882 emoriantur.
495 2813 589 2882 Tum
617 2816 961 2904 superimponendum
989 2841 1076 2886 me·.

68 2945 287 3012 dicamentum
316 2933 380 3010 est,
417 2941 513 3025 ‘quod
540 2939 840 3008 inflammationem
866 2941 1071 3032 prohibeat,

67 3063 153 3147 alque
181 3066 241 3130 uhi
265 3057 396 3130 crustae
423 3066 642 3138 exciderant,
683 3064 725 3127 ad
757 3069 949 3131 cicatricem
982 3089 1065 3156 per«

67 3185 263 3252 ducendum.
314 3181 487 3252 Facillime
512 3185 682 3250 autemid
706 3206 810 3272 genus
836 3185 985 3261 sanescit.

88 3309 137 3373 ·b.
170 3283 333 3397 ¹Quidam
376 3311 470 3382 aiunt
512 3327 613 3371 acum
654 3305 799 3380 transsui
833 3312 928 3374 iuxta
968 3310 1059 3400 pilot

68 3433 267 3495 exteriorem
297 3423 484 3514 {palpebrae
519 3438 649 3513 partem
694 3442 876 3514 oportere,
916 3453 1074 3518 eamque-

67 3554 241 3616 tr'ansmitti
269 3547 437 3636 duplicem
465 3548 621 3636 capillum
649 3549 847 3614 muliebrem
876 3551 1057 3619 ducentem

67 3682 156 3754 atque
178 3671 236 3734 ubi
262 3687 342 3734 acus
367 3671 521 3743 transiit,
545 3673 579 3732 in
603 3666 679 3756 ipfis
706 3653 820 3755 capilli
846 3667 970 3748 smum,
993 3695 1074 3756 qua¹
1130 3676 1132 3681 ’

67 3787 267 3876 duplicatur,
307 3788 414 3877 pilum
438 3786 502 3853 esse
527 3793 746 3855 inficiendum
774 3806 807 3856 et
830 3815 892 3880 per
918 3813 995 3857 eum
1020 3799 1056 3860 in

67 3903 263 3994 superiorem
292 3910 470 4000 palpebrae
496 3921 629 3998 partem
655 3910 914 3991 attrahendum,
939 3917 1057 4002 ibique
1175 3957 1178 3961 ·

67 4037 197 4118 corpori
212 4031 487 4120 adglutinandum
511 4045 545 4098 et
562 4033 809 4121 imponendum
831 4037 1053 4126 medicamen·

66 4157 149 4232 tum,
174 4175 244 4247 quo.
264 4153 420 4221 feramen
445 4155 544 4220 etiam
572 4152 777 4242 glutinetur:
799 4153 843 4221 iic
858 4154 1054 4237 enimiore,
