2910 4978
495 477 557 518 ··-
607 463 680 554 249
732 477 784 576 -÷

141 652 226 746 bus,
254 651 373 719 colore
397 654 565 738 puniceo,
596 649 760 733 friabilis,
784 631 975 727 forulorum
1001 655 1150 723 medica·

141 779 269 840 mentis
300 770 481 839 utililfima.
527 771 681 860 Dioscor·
708 773 752 840 V.
778 765 857 856 84²
888 770 1060 858 Ponet.
1087 794 1149 842 21.
1265 804 1273 814 ·

142 894 272 981 Oribafi
304 891 365 964 53.
397 913 433 980 7.
493 891 670 960 Cadmiam
710 892 852 971 siccare,
893 892 1003 965 fluxus
1038 893 1150 966 sistere

142 1022 300 1108 pterygia
326 1027 360 1079 et
378 1013 559 1088 oculorum
580 1013 699 1081 sordes
722 1037 867 1108 purgare
886 1015 1077 1086 scabritiem
1093 1039 1151 1084 ex·

7 1151 8 1160 ’
141 1149 301 1209 tenuare.
336 1133 449 1204 Plinio
476 1151 519 1203 -et
556 1136 654 1226 Celso
684 1142 750 1202 iam
782 1143 1038 1228 comprobatur·
1088 1139 1151 1206 Ad

7 1267 8 1286 ³
143 1260 237 1328 bunc
271 1258 363 1326 ulum
398 1255 439 1326 'et
462 1273 593 1325 ‚contra
626 1259 800 1350 albugines
835 1274 868 1328 et
895 1266 1069 1330 cicatrices
1093 1283 1150 1330 aes

7 1467 8 1480 χ
142 1385 252 1473 ipsum
272 1384 509 1461 comburitur,
537 1379 670 1448 Galeno
696 1394 836 1449 auctore
862 1396 896 1448 et
922 1382 1093 1448 cadmiam
1104 1386 1152 1450 ita

6 1513 8 1584 ἔ
143 1504 317 1592 largitur,¹
346 1521 430 1589 quae
464 1505 564 1567 etiam
592 1507 718 1582 tutiae,
758 1501 857 1570 nihili
888 1502 1007 1593 grisei,
1044 1485 1151 1574 tutia‘e
1187 1561 1189 1565 .
1268 1510 1274 1524 ‘

143 1627 383 1694 alexandrinae
409 1624 609 1690 nominibus
633 1627 765 1692 mediae
784 1630 922 1706 aetatis,
949 1625 1151 1696 circumfer·

132 1761 211 1815 tur.
268 1746 376 1814 Color
403 1751 589 1836 puniceae,
612 1751 723 1836 iquern
749 1745 926 1816 Pliniusl.
951 1748 974 1817 l.
999 1749 1150 1816 cadmiae

6 1959 7 1962 Ἴ
144 1873 365 1944 adnumerat,
412 1869 634 1937 adventitium
670 1871 716 1937 ob
745 1869 877 1956 plumbi
907 1881 1030 1958 partes
1056 1881 1154 1938 corri-

145 1998 269 2060 mixtas
286 1989 395 2059 habeo
415 2003 473 2056 aut
494 2012 540 2056 ex
562 2011 682 2056 errore
698 1989 921 2080 adscriptum:
946 1988 1044 2078 grisei
1059 1995 1151 2057 enim

6 2083 7 2096 ἵ
145 2112 274 2184 coloris
299 2112 429 2178 cadmia
455 2107 524 2190 est,
556 2131 641 2201 quae
669 2109 809 2198 fuligine
833 2113 973 2197 aliisque
1000 2083 1152 2199 peregri·

145 2243 200 2302 nis
224 2239 414 2301 commixta
439 2231 504 2298 esse
528 2229 624 2298 solet·
684 2230 807 2296 Variae
839 2228 990 2312 formae,
1029 2232 1151 2315 quibus
1213 2219 1215 2226 ’

147 2359 188 2423 ad
213 2356 390 2422 fornacum
424 2356 572 2441 parietes
599 2348 798 2431 efflorescit,
838 2351 974 2419 diverfis
1006 2354 1152 2418 nomini·
1189 2411 1193 2418 .

86 2539 90 2544 .
148 2480 211 2545 bus
244 2475 486 2563 aDioscoride
518 2488 553 2540 et
575 2473 697 2550 ¹Plinio
732 2477 797 2537 iam
826 2471 1072 2572 'inigniuntun
1108 2473 1152 2538 ad

149 2587 233 2686 quae
257 2603 347 2662 inter
373 2596 454 2672 alia,
488 2591 670 2674 onichitis,
705 2598 887 2672 onionitis,
918 2577 1154 2684 placitis'per·

147 2727 273 2789 tinent:
299 2718 318 2783 i
344 2723 379 2784 in
402 2740 482 2785 uvae
504 2708 653 2784 ¹formam
677 2713 863 2782 adhaerens
885 2713 1051 2793 nascitur,
1074 2717 1154 2781 cod-

149 2847 219 2909 mio
244 2828 450 2929 ¹botryoides
487 2852 651 2917 vocatur,
693 2859 775 2924 quae
800 2855 818 2901 a
846 2836 946 2916 Celso
971 2842 1153 2903 interme·

151 2965 341 3028 dicamenta
364 2960 511 3026 ocularia
533 2960 630 3028 valde
654 2958 844 3024 celebratur
872 2971 906 3022 et
931 2977 976 3022 ex
1000 2979 1064 3040 qua
1085 2934 1166 3022 cole

148 3083 274 3178 lyrium
288 3077 494 3148 acharistum
511 3081 733 3171 compositum
751 3083 1031 3169 comperivimus
1061 3075 1155 3169 Quo·

139 3213 242 3273 ..niam
267 3207 398 3270 cadmia
423 3208 614 3293 peregrinis
638 3204 796 3271 sordibus
824 3201 966 3269 conflata
993 3195 1062 3278 ell,
1101 3199 1154 3264 in·

150 3329 205 3394 te'r
233 3325 465 3416 ophthalmica
490 3324 563 3391 fere
590 3327 736 3412 ubique,
775 3328 907 3392 cadmia
939 3327 1032 3390 eloco
1061 3343 1155 3386 com·

148 3451 342 3518 'mendarum
366 3477 419 3496 -
460 3447 580 3516 Altera
605 3447 717 3512 forma
745 3470 829 3534 quae
855 3469 899 3512 ex
925 3447 1034 3511 Zinco
1060 3439 1156 3509 timul

149 3571 320 3639 redundat
352 3563 427 3637 usto
460 3569 633 3636 veteribus
662 3569 883 3658 *pompholyx
904 3567 1028 3656 audit,
1071 3577 1170 3648 quaa

152 3692 307 3786 collyriis
342 3689 384 3757 ad
419 3687 616 3772 oculorum*
632 3683 763 3765 fluxus,
805 3684 950 3774 pustulas
977 3698 1012 3752 et
1039 3685 1156 3754 ulcera
1190 3770 1195 3776 ι

151 3810 319 3896 curanda,
347 3813 441 3902 apud
470 3810 625 3898 Celsum,
657 3796 809 3878 Plinium
832 3821 867 3876 ct
892 3808 1063 3874 Galerium
1090 3804 1156 3871 sae*

149 3935 288 4027 piffime'
306 3937 455 4001 additur.
514 3931 705 3998 Candidum
734 3929 935 3996 describitur
961 3931 1002 3994 ab
1028 3925 1093 3992 illis
1120 3939 1157 3994 'et

143 4058 367 4134 leudinum,
402 4055 483 4122 olim
509 4054 590 4120 lana'
608 4050 914 4142 philosophorum,
947 4046 1089 4113 nibilum
1112 4046 1156 4112 al·

150 4183 253 4260 bum,
275 4185 343 4247 iam
356 4179 507 4245 Zincum
524 4181 711 4274 oxpdatum
730 4173 843 4240 album
856 4172 1004 4238 dictum.
1024 4167 1155 4234 -Emsr-
